capture_time_utc,recv_ts_ms,exchange_ts,exchange_ts_ms,symbol,bid,ask,bid_qty,ask_qty,raw_age_ms,adjusted_age_ms,e2e_since_sub_ms
2026-02-22T15:26:38.778586+00:00,1771773998778.559,2026-02-22T15:26:40.186022Z,1771774000186.022,BTC/EUR,57372.3,57372.4,0.20719859,0.02382103,-1407.463,13.447,18.776
2026-02-22T15:26:39.071492+00:00,1771773999071.443,2026-02-22T15:26:40.476629Z,1771774000476.629,BTC/EUR,57372.3,57378.6,0.20719859,0.02382103,-1405.186,15.724,311.660
2026-02-22T15:26:39.071560+00:00,1771773999071.543,2026-02-22T15:26:40.477059Z,1771774000477.059,BTC/EUR,57372.3,57378.6,0.3008721,0.02382103,-1405.515,15.395,311.761
2026-02-22T15:26:39.071591+00:00,1771773999071.581,2026-02-22T15:26:40.479129Z,1771774000479.129,BTC/EUR,57372.4,57378.6,0.09367351,0.02382103,-1407.548,13.362,311.799
2026-02-22T15:26:39.104413+00:00,1771773999104.380,2026-02-22T15:26:40.498725Z,1771774000498.725,BTC/EUR,57375.1,57378.6,0.32558202,0.02382103,-1394.345,26.565,344.597
2026-02-22T15:26:39.104467+00:00,1771773999104.453,2026-02-22T15:26:40.498725Z,1771774000498.725,BTC/EUR,57375.1,57385.3,0.32558202,0.22194879,-1394.272,26.638,344.670
2026-02-22T15:26:39.113831+00:00,1771773999113.798,2026-02-22T15:26:40.512139Z,1771774000512.139,BTC/EUR,57375.1,57375.2,0.32558202,0.02382103,-1398.341,22.569,354.015
2026-02-22T15:26:39.131637+00:00,1771773999131.604,2026-02-22T15:26:40.536456Z,1771774000536.456,BTC/EUR,57375.1,57375.2,0.44468515,0.02382103,-1404.853,16.057,371.821
2026-02-22T15:26:39.131691+00:00,1771773999131.677,2026-02-22T15:26:40.536514Z,1771774000536.514,BTC/EUR,57375.1,57385.2,0.44468515,0.02382103,-1404.837,16.073,371.894
2026-02-22T15:26:39.131723+00:00,1771773999131.713,2026-02-22T15:26:40.540056Z,1771774000540.056,BTC/EUR,57375.1,57387.5,0.44468515,0.02382103,-1408.343,12.568,371.931
2026-02-22T15:26:39.139640+00:00,1771773999139.607,2026-02-22T15:26:40.541711Z,1771774000541.711,BTC/EUR,57375.1,57385.9,0.44468515,0.0042,-1402.104,18.806,379.824
2026-02-22T15:26:39.139694+00:00,1771773999139.679,2026-02-22T15:26:40.547058Z,1771774000547.058,BTC/EUR,57375.1,57385.5,0.44468515,0.0045,-1407.379,13.531,379.897
2026-02-22T15:26:39.139724+00:00,1771773999139.715,2026-02-22T15:26:40.547275Z,1771774000547.275,BTC/EUR,57375.1,57385.4,0.44468515,0.0046,-1407.560,13.350,379.932
2026-02-22T15:26:39.148937+00:00,1771773999148.920,2026-02-22T15:26:40.555166Z,1771774000555.166,BTC/EUR,57375.1,57385.4,0.32558202,0.0046,-1406.246,14.664,389.138
2026-02-22T15:26:39.148965+00:00,1771773999148.958,2026-02-22T15:26:40.555227Z,1771774000555.227,BTC/EUR,57375.1,57375.2,0.32558202,0.02382103,-1406.269,14.641,389.175
2026-02-22T15:26:39.150458+00:00,1771773999150.440,2026-02-22T15:26:40.560391Z,1771774000560.391,BTC/EUR,57375.1,57375.2,0.44468515,0.02382103,-1409.951,10.959,390.657
2026-02-22T15:26:39.150486+00:00,1771773999150.479,2026-02-22T15:26:40.560858Z,1771774000560.858,BTC/EUR,57375.1,57387.5,0.44468515,0.02382103,-1410.379,10.531,390.696
2026-02-22T15:26:39.159026+00:00,1771773999158.992,2026-02-22T15:26:40.570549Z,1771774000570.549,BTC/EUR,57375.1,57375.2,0.44468515,0.02382103,-1411.557,9.353,399.210
2026-02-22T15:26:39.159080+00:00,1771773999159.066,2026-02-22T15:26:40.570662Z,1771774000570.662,BTC/EUR,57375.1,57375.2,0.32558202,0.02382103,-1411.596,9.314,399.283
2026-02-22T15:26:39.179336+00:00,1771773999179.304,2026-02-22T15:26:40.587709Z,1771774000587.709,BTC/EUR,57375.1,57375.2,0.44468515,0.02382103,-1408.405,12.505,419.521
2026-02-22T15:26:39.179390+00:00,1771773999179.376,2026-02-22T15:26:40.587967Z,1771774000587.967,BTC/EUR,57375.1,57387.5,0.44468515,0.02382103,-1408.591,12.319,419.593
2026-02-22T15:26:39.179932+00:00,1771773999179.921,2026-02-22T15:26:40.591359Z,1771774000591.359,BTC/EUR,57375.2,57387.5,0.0013078,0.02382103,-1411.438,9.472,420.138
2026-02-22T15:26:39.183207+00:00,1771773999183.174,2026-02-22T15:26:40.593324Z,1771774000593.324,BTC/EUR,57375.2,57385.1,0.0013078,0.22194928,-1410.150,10.760,423.392
2026-02-22T15:26:39.183262+00:00,1771773999183.248,2026-02-22T15:26:40.593557Z,1771774000593.557,BTC/EUR,57375.3,57385.1,0.20718795,0.22194928,-1410.309,10.601,423.465
2026-02-22T15:26:39.288165+00:00,1771773999288.148,2026-02-22T15:26:40.699225Z,1771774000699.225,BTC/EUR,57375.4,57385.1,0.11910251,0.22194928,-1411.077,9.833,528.365
2026-02-22T15:26:39.288194+00:00,1771773999288.187,2026-02-22T15:26:40.699257Z,1771774000699.257,BTC/EUR,57375.4,57385.0,0.11910251,0.02382103,-1411.070,9.840,528.404
2026-02-22T15:26:39.291365+00:00,1771773999291.331,2026-02-22T15:26:40.702580Z,1771774000702.580,BTC/EUR,57375.4,57387.5,0.11910251,0.02382103,-1411.249,9.661,531.549
2026-02-22T15:26:39.295386+00:00,1771773999295.369,2026-02-22T15:26:40.703076Z,1771774000703.076,BTC/EUR,57375.2,57387.5,0.12041073,0.02382103,-1407.707,13.203,535.586
2026-02-22T15:26:39.295414+00:00,1771773999295.407,2026-02-22T15:26:40.703117Z,1771774000703.117,BTC/EUR,57375.2,57384.9,0.12041073,0.22195005,-1407.710,13.200,535.624
2026-02-22T15:26:39.295429+00:00,1771773999295.425,2026-02-22T15:26:40.703581Z,1771774000703.581,BTC/EUR,57375.5,57384.9,0.20718731,0.22195005,-1408.156,12.754,535.642
2026-02-22T15:26:39.295442+00:00,1771773999295.438,2026-02-22T15:26:40.705105Z,1771774000705.105,BTC/EUR,57375.5,57384.8,0.20718731,0.02382103,-1409.667,11.243,535.655
2026-02-22T15:26:39.295453+00:00,1771773999295.449,2026-02-22T15:26:40.706304Z,1771774000706.304,BTC/EUR,57375.6,57384.8,0.1191021,0.02382103,-1410.855,10.055,535.666
2026-02-22T15:26:39.296199+00:00,1771773999296.188,2026-02-22T15:26:40.707915Z,1771774000707.915,BTC/EUR,57375.6,57386.9,0.1191021,0.02382103,-1411.727,9.183,536.405
2026-02-22T15:26:39.296836+00:00,1771773999296.815,2026-02-22T15:26:40.709351Z,1771774000709.351,BTC/EUR,57375.2,57386.9,0.12041073,0.02382103,-1412.536,8.374,537.032
2026-02-22T15:26:39.299055+00:00,1771773999299.039,2026-02-22T15:26:40.709972Z,1771774000709.972,BTC/EUR,57375.2,57386.8,0.12041073,0.36990458,-1410.933,9.977,539.256
2026-02-22T15:26:39.299908+00:00,1771773999299.890,2026-02-22T15:26:40.711384Z,1771774000711.384,BTC/EUR,57375.2,57386.7,0.12041073,0.02382103,-1411.494,9.416,540.107
2026-02-22T15:26:39.300438+00:00,1771773999300.426,2026-02-22T15:26:40.712930Z,1771774000712.930,BTC/EUR,57375.2,57386.9,0.12041073,0.02382103,-1412.504,8.406,540.644
2026-02-22T15:26:39.321379+00:00,1771773999321.346,2026-02-22T15:26:40.733932Z,1771774000733.932,BTC/EUR,57375.2,57386.9,0.11910293,0.02382103,-1412.586,8.324,561.563
2026-02-22T15:26:39.987782+00:00,1771773999987.749,2026-02-22T15:26:40.712930Z,1771774000712.930,BTC/EUR,57375.1,57386.9,0.32558202,0.02382103,-725.181,695.729,1227.966
2026-02-22T15:26:39.987831+00:00,1771773999987.821,2026-02-22T15:26:41.400086Z,1771774001400.086,BTC/EUR,57375.1,57375.3,0.32558202,0.0238197,-1412.265,8.645,1228.038
2026-02-22T15:26:39.989273+00:00,1771773999989.264,2026-02-22T15:26:41.401852Z,1771774001401.852,BTC/EUR,57375.1,57375.2,0.32558202,0.0238197,-1412.588,8.322,1229.481
2026-02-22T15:26:39.992373+00:00,1771773999992.361,2026-02-22T15:26:41.404465Z,1771774001404.465,BTC/EUR,57375.1,57375.2,0.65116404,0.0238197,-1412.104,8.807,1232.579
2026-02-22T15:26:40.004190+00:00,1771774000004.173,2026-02-22T15:26:41.411869Z,1771774001411.869,BTC/EUR,57375.1,57375.2,0.77026718,0.0238197,-1407.696,13.214,1244.391
2026-02-22T15:26:40.004217+00:00,1771774000004.210,2026-02-22T15:26:41.412040Z,1771774001412.040,BTC/EUR,57375.1,57384.6,0.77026718,0.0238197,-1407.830,13.080,1244.427
2026-02-22T15:26:40.004919+00:00,1771774000004.901,2026-02-22T15:26:41.415817Z,1771774001415.817,BTC/EUR,57375.2,57384.6,0.11910294,0.0238197,-1410.916,9.994,1245.119
2026-02-22T15:26:40.023141+00:00,1771774000023.124,2026-02-22T15:26:41.424118Z,1771774001424.118,BTC/EUR,57375.3,57384.6,0.11910273,0.0238197,-1400.994,19.916,1263.341
2026-02-22T15:26:40.023166+00:00,1771774000023.160,2026-02-22T15:26:41.431225Z,1771774001431.225,BTC/EUR,57375.3,57386.5,0.11910273,0.0238197,-1408.065,12.845,1263.377
2026-02-22T15:26:40.023181+00:00,1771774000023.176,2026-02-22T15:26:41.431241Z,1771774001431.241,BTC/EUR,57375.2,57386.5,0.11910294,0.0238197,-1408.065,12.845,1263.394
2026-02-22T15:26:40.152778+00:00,1771774000152.738,2026-02-22T15:26:41.561257Z,1771774001561.257,BTC/EUR,57375.3,57386.5,0.004,0.0238197,-1408.519,12.391,1392.955
2026-02-22T15:26:40.161225+00:00,1771774000161.182,2026-02-22T15:26:41.563027Z,1771774001563.027,BTC/EUR,57375.4,57386.5,0.11910252,0.0238197,-1401.845,19.065,1401.399
2026-02-22T15:26:40.161279+00:00,1771774000161.269,2026-02-22T15:26:41.565288Z,1771774001565.288,BTC/EUR,57375.4,57384.5,0.11910252,0.22195159,-1404.019,16.891,1401.486
2026-02-22T15:26:40.161302+00:00,1771774000161.294,2026-02-22T15:26:41.565524Z,1771774001565.524,BTC/EUR,57375.5,57384.5,0.20718727,0.22195159,-1404.230,16.680,1401.512
2026-02-22T15:26:40.161320+00:00,1771774000161.313,2026-02-22T15:26:41.566754Z,1771774001566.754,BTC/EUR,57375.5,57384.4,0.20718727,0.0238197,-1405.441,15.469,1401.531
2026-02-22T15:26:40.161338+00:00,1771774000161.333,2026-02-22T15:26:41.567465Z,1771774001567.465,BTC/EUR,57375.6,57384.4,0.1191021,0.0238197,-1406.133,14.777,1401.550
2026-02-22T15:26:40.165008+00:00,1771774000164.975,2026-02-22T15:26:41.570735Z,1771774001570.735,BTC/EUR,57375.2,57384.4,0.11910294,0.0238197,-1405.760,15.150,1405.192
2026-02-22T15:26:40.165061+00:00,1771774000165.047,2026-02-22T15:26:41.572416Z,1771774001572.416,BTC/EUR,57375.7,57384.4,0.1191019,0.0238197,-1407.369,13.541,1405.264
2026-02-22T15:26:40.169085+00:00,1771774000169.063,2026-02-22T15:26:41.573996Z,1771774001573.996,BTC/EUR,57373.5,57384.4,0.11910646,0.0238197,-1404.933,15.977,1409.281
2026-02-22T15:26:40.169124+00:00,1771774000169.113,2026-02-22T15:26:41.575672Z,1771774001575.672,BTC/EUR,57374.7,57384.4,0.0043,0.0238197,-1406.559,14.351,1409.330
2026-02-22T15:26:40.173020+00:00,1771774000173.004,2026-02-22T15:26:41.580365Z,1771774001580.365,BTC/EUR,57374.8,57384.4,0.11910377,0.0238197,-1407.361,13.549,1413.221
2026-02-22T15:26:40.173057+00:00,1771774000173.042,2026-02-22T15:26:41.580827Z,1771774001580.827,BTC/EUR,57374.8,57384.4,0.44468781,0.0238197,-1407.785,13.125,1413.259
2026-02-22T15:26:40.173077+00:00,1771774000173.071,2026-02-22T15:26:41.582649Z,1771774001582.649,BTC/EUR,57374.8,57384.4,0.11910377,0.0238197,-1409.578,11.332,1413.288
2026-02-22T15:26:40.173094+00:00,1771774000173.089,2026-02-22T15:26:41.582870Z,1771774001582.870,BTC/EUR,57374.9,57384.4,0.11910356,0.0238197,-1409.781,11.129,1413.306
2026-02-22T15:26:40.178183+00:00,1771774000178.167,2026-02-22T15:26:41.584961Z,1771774001584.961,BTC/EUR,57373.5,57384.4,0.11910646,0.0238197,-1406.794,14.116,1418.384
2026-02-22T15:26:40.181573+00:00,1771774000181.554,2026-02-22T15:26:41.591603Z,1771774001591.603,BTC/EUR,57370.9,57384.4,0.11911186,0.0238197,-1410.049,10.861,1421.771
2026-02-22T15:26:40.181602+00:00,1771774000181.595,2026-02-22T15:26:41.592917Z,1771774001592.917,BTC/EUR,57373.6,57384.4,0.32559083,0.0238197,-1411.322,9.588,1421.812
2026-02-22T15:26:40.187672+00:00,1771774000187.651,2026-02-22T15:26:41.594658Z,1771774001594.658,BTC/EUR,57373.7,57384.4,0.11910605,0.0238197,-1407.007,13.903,1427.868
2026-02-22T15:26:40.187711+00:00,1771774000187.700,2026-02-22T15:26:41.596805Z,1771774001596.805,BTC/EUR,57370.9,57384.4,0.11911186,0.0238197,-1409.105,11.805,1427.917
2026-02-22T15:26:40.187738+00:00,1771774000187.729,2026-02-22T15:26:41.596915Z,1771774001596.915,BTC/EUR,57371.0,57384.4,0.62161032,0.0238197,-1409.186,11.724,1427.947
2026-02-22T15:26:40.202694+00:00,1771774000202.660,2026-02-22T15:26:41.597990Z,1771774001597.990,BTC/EUR,57371.0,57384.4,0.71528383,0.0238197,-1395.330,25.580,1442.878
2026-02-22T15:26:40.202739+00:00,1771774000202.732,2026-02-22T15:26:41.598741Z,1771774001598.741,BTC/EUR,57371.0,57384.4,0.83439548,0.0238197,-1396.009,24.901,1442.949
2026-02-22T15:26:40.202755+00:00,1771774000202.750,2026-02-22T15:26:41.598995Z,1771774001598.995,BTC/EUR,57371.0,57384.4,0.21278516,0.0238197,-1396.245,24.665,1442.967
2026-02-22T15:26:40.202767+00:00,1771774000202.763,2026-02-22T15:26:41.600033Z,1771774001600.033,BTC/EUR,57371.1,57384.4,0.11911145,0.0238197,-1397.270,23.640,1442.980
2026-02-22T15:26:40.202780+00:00,1771774000202.776,2026-02-22T15:26:41.601102Z,1771774001601.102,BTC/EUR,57371.2,57384.4,0.09367351,0.0238197,-1398.326,22.584,1442.993
2026-02-22T15:26:40.202793+00:00,1771774000202.789,2026-02-22T15:26:41.602642Z,1771774001602.642,BTC/EUR,57371.3,57384.4,0.11911103,0.0238197,-1399.853,21.057,1443.006
2026-02-22T15:26:40.202804+00:00,1771774000202.800,2026-02-22T15:26:41.604062Z,1771774001604.062,BTC/EUR,57371.4,57384.4,0.09367351,0.0238197,-1401.262,19.648,1443.017
2026-02-22T15:26:40.202814+00:00,1771774000202.811,2026-02-22T15:26:41.605678Z,1771774001605.678,BTC/EUR,57371.5,57384.4,0.11911062,0.0238197,-1402.867,18.043,1443.028
2026-02-22T15:26:40.202825+00:00,1771774000202.822,2026-02-22T15:26:41.606107Z,1771774001606.107,BTC/EUR,57375.8,57384.4,0.32557807,0.0238197,-1403.285,17.625,1443.039
2026-02-22T15:26:40.202836+00:00,1771774000202.832,2026-02-22T15:26:41.607748Z,1771774001607.748,BTC/EUR,57375.9,57384.4,0.11910148,0.0238197,-1404.916,15.994,1443.050
2026-02-22T15:26:40.202893+00:00,1771774000202.888,2026-02-22T15:26:41.609346Z,1771774001609.346,BTC/EUR,57371.7,57384.4,0.1191102,0.0238197,-1406.458,14.452,1443.105
2026-02-22T15:26:40.202906+00:00,1771774000202.902,2026-02-22T15:26:41.610740Z,1771774001610.740,BTC/EUR,57370.9,57384.4,0.11911186,0.0238197,-1407.838,13.072,1443.120
2026-02-22T15:26:40.202917+00:00,1771774000202.914,2026-02-22T15:26:41.611027Z,1771774001611.027,BTC/EUR,57371.8,57384.4,0.09367351,0.0238197,-1408.113,12.797,1443.131
2026-02-22T15:26:40.202929+00:00,1771774000202.924,2026-02-22T15:26:41.612716Z,1771774001612.716,BTC/EUR,57371.9,57384.4,0.11910979,0.0238197,-1409.792,11.118,1443.142
2026-02-22T15:26:40.202939+00:00,1771774000202.936,2026-02-22T15:26:41.614007Z,1771774001614.007,BTC/EUR,57372.0,57384.4,0.09367351,0.0238197,-1411.072,9.839,1443.153
2026-02-22T15:26:40.203499+00:00,1771774000203.493,2026-02-22T15:26:41.615486Z,1771774001615.486,BTC/EUR,57372.1,57384.4,0.11910937,0.0238197,-1411.993,8.917,1443.710
2026-02-22T15:26:40.206246+00:00,1771774000206.212,2026-02-22T15:26:41.616802Z,1771774001616.802,BTC/EUR,57372.2,57384.4,0.09367351,0.0238197,-1410.590,10.320,1446.429
2026-02-22T15:26:40.218898+00:00,1771774000218.878,2026-02-22T15:26:41.618742Z,1771774001618.742,BTC/EUR,57372.3,57384.4,0.11910896,0.0238197,-1399.864,21.047,1459.096
2026-02-22T15:26:40.218931+00:00,1771774000218.922,2026-02-22T15:26:41.620278Z,1771774001620.278,BTC/EUR,57372.4,57384.4,0.09367351,0.0238197,-1401.356,19.554,1459.139
2026-02-22T15:26:40.220995+00:00,1771774000220.979,2026-02-22T15:26:41.621787Z,1771774001621.787,BTC/EUR,57372.5,57384.4,0.11910854,0.0238197,-1400.808,20.102,1461.197
2026-02-22T15:26:40.221025+00:00,1771774000221.017,2026-02-22T15:26:41.622128Z,1771774001622.128,BTC/EUR,57377.6,57384.4,0.20717971,0.0238197,-1401.111,19.799,1461.234
2026-02-22T15:26:40.221045+00:00,1771774000221.038,2026-02-22T15:26:41.623813Z,1771774001623.813,BTC/EUR,57377.7,57384.4,0.11909775,0.0238197,-1402.775,18.135,1461.256
2026-02-22T15:26:40.221062+00:00,1771774000221.056,2026-02-22T15:26:41.625477Z,1771774001625.477,BTC/EUR,57377.7,57377.8,0.11909775,0.0238197,-1404.421,16.489,1461.273
2026-02-22T15:26:40.221077+00:00,1771774000221.072,2026-02-22T15:26:41.625477Z,1771774001625.477,BTC/EUR,57377.6,57377.8,0.20717971,0.0238197,-1404.405,16.505,1461.289
2026-02-22T15:26:40.221092+00:00,1771774000221.087,2026-02-22T15:26:41.631544Z,1771774001631.544,BTC/EUR,57377.6,57377.7,0.20717971,0.0238197,-1410.457,10.453,1461.304
2026-02-22T15:26:40.412798+00:00,1771774000412.723,2026-02-22T15:26:41.824123Z,1771774001824.123,BTC/EUR,57377.6,57377.7,0.32627766,0.0238197,-1411.400,9.510,1652.940
2026-02-22T15:26:40.412958+00:00,1771774000412.940,2026-02-22T15:26:41.824382Z,1771774001824.382,BTC/EUR,57377.6,57384.4,0.32627766,0.0238197,-1411.442,9.468,1653.157
2026-02-22T15:26:40.413071+00:00,1771774000413.059,2026-02-22T15:26:41.825827Z,1771774001825.827,BTC/EUR,57377.7,57384.4,0.11909775,0.0238197,-1412.768,8.142,1653.276
2026-02-22T15:26:40.787168+00:00,1771774000787.112,2026-02-22T15:26:42.198638Z,1771774002198.638,BTC/EUR,57377.7,57384.4,0.10929775,0.0238197,-1411.526,9.384,2027.329
2026-02-22T15:26:41.112377+00:00,1771774001112.328,2026-02-22T15:26:42.523840Z,1771774002523.840,BTC/EUR,57377.7,57384.4,0.10929775,0.0386197,-1411.512,9.398,2352.545
2026-02-22T15:26:41.113454+00:00,1771774001113.429,2026-02-22T15:26:42.525858Z,1771774002525.858,BTC/EUR,57377.7,57384.3,0.10929775,0.0238197,-1412.429,8.481,2353.646
2026-02-22T15:26:41.115160+00:00,1771774001115.139,2026-02-22T15:26:42.526713Z,1771774002526.713,BTC/EUR,57377.7,57384.3,0.10929775,0.0386197,-1411.574,9.336,2355.356
2026-02-22T15:26:41.116572+00:00,1771774001116.554,2026-02-22T15:26:42.528455Z,1771774002528.455,BTC/EUR,57377.7,57384.2,0.10929775,0.0238197,-1411.901,9.009,2356.772
2026-02-22T15:26:41.117435+00:00,1771774001117.426,2026-02-22T15:26:42.529652Z,1771774002529.652,BTC/EUR,57377.7,57384.2,0.10929775,0.0386197,-1412.226,8.684,2357.644
2026-02-22T15:26:41.125759+00:00,1771774001125.742,2026-02-22T15:26:42.531443Z,1771774002531.443,BTC/EUR,57377.7,57384.1,0.10929775,0.0238197,-1405.701,15.209,2365.959
2026-02-22T15:26:41.125783+00:00,1771774001125.777,2026-02-22T15:26:42.532756Z,1771774002532.756,BTC/EUR,57377.7,57384.1,0.10929775,0.0386197,-1406.979,13.931,2365.995
2026-02-22T15:26:41.125797+00:00,1771774001125.793,2026-02-22T15:26:42.534437Z,1771774002534.437,BTC/EUR,57377.7,57384.1,0.10929775,0.0148,-1408.644,12.266,2366.010
2026-02-22T15:26:41.128932+00:00,1771774001128.917,2026-02-22T15:26:42.536082Z,1771774002536.082,BTC/EUR,57377.7,57384.1,0.10929775,0.0386197,-1407.165,13.745,2369.135
2026-02-22T15:26:41.128958+00:00,1771774001128.952,2026-02-22T15:26:42.537648Z,1771774002537.648,BTC/EUR,57377.7,57384.0,0.10929775,0.0238197,-1408.696,12.214,2369.169
2026-02-22T15:26:41.128972+00:00,1771774001128.968,2026-02-22T15:26:42.538854Z,1771774002538.854,BTC/EUR,57377.7,57384.0,0.10929775,0.0386197,-1409.886,11.024,2369.185
2026-02-22T15:26:41.130407+00:00,1771774001130.393,2026-02-22T15:26:42.540244Z,1771774002540.244,BTC/EUR,57377.7,57383.9,0.10929775,0.0238197,-1409.852,11.058,2370.610
2026-02-22T15:26:41.130433+00:00,1771774001130.428,2026-02-22T15:26:42.541615Z,1771774002541.615,BTC/EUR,57377.7,57383.9,0.10929775,0.0386197,-1411.187,9.723,2370.645
2026-02-22T15:26:41.133387+00:00,1771774001133.372,2026-02-22T15:26:42.543460Z,1771774002543.460,BTC/EUR,57377.7,57383.8,0.10929775,0.0238197,-1410.088,10.822,2373.589
2026-02-22T15:26:41.133411+00:00,1771774001133.405,2026-02-22T15:26:42.544443Z,1771774002544.443,BTC/EUR,57377.7,57383.8,0.10929775,0.0386197,-1411.038,9.872,2373.623
2026-02-22T15:26:41.136110+00:00,1771774001136.086,2026-02-22T15:26:42.546006Z,1771774002546.006,BTC/EUR,57377.7,57383.7,0.10929775,0.0238197,-1409.919,10.991,2376.304
2026-02-22T15:26:41.136151+00:00,1771774001136.139,2026-02-22T15:26:42.547263Z,1771774002547.263,BTC/EUR,57377.7,57383.7,0.10929775,0.0386197,-1411.124,9.786,2376.357
2026-02-22T15:26:41.137797+00:00,1771774001137.780,2026-02-22T15:26:42.549650Z,1771774002549.650,BTC/EUR,57377.7,57383.6,0.10929775,0.0238197,-1411.870,9.040,2377.997
2026-02-22T15:26:41.140035+00:00,1771774001140.002,2026-02-22T15:26:42.550770Z,1771774002550.770,BTC/EUR,57377.7,57383.6,0.10929775,0.0386197,-1410.768,10.142,2380.220
2026-02-22T15:26:41.140090+00:00,1771774001140.075,2026-02-22T15:26:42.551321Z,1771774002551.321,BTC/EUR,57377.7,57383.5,0.10929775,0.0238197,-1411.246,9.664,2380.293
2026-02-22T15:26:41.141742+00:00,1771774001141.734,2026-02-22T15:26:42.552479Z,1771774002552.479,BTC/EUR,57377.7,57383.5,0.10929775,0.0386197,-1410.745,10.165,2381.952
2026-02-22T15:26:41.142795+00:00,1771774001142.784,2026-02-22T15:26:42.553884Z,1771774002553.884,BTC/EUR,57377.7,57383.4,0.10929775,0.0238197,-1411.100,9.810,2383.001
2026-02-22T15:26:41.142810+00:00,1771774001142.806,2026-02-22T15:26:42.554823Z,1771774002554.823,BTC/EUR,57377.7,57383.4,0.10929775,0.0386197,-1412.017,8.893,2383.023
2026-02-22T15:26:41.144746+00:00,1771774001144.734,2026-02-22T15:26:42.556586Z,1771774002556.586,BTC/EUR,57377.7,57383.3,0.10929775,0.0238197,-1411.852,9.058,2384.951
2026-02-22T15:26:41.145513+00:00,1771774001145.507,2026-02-22T15:26:42.557539Z,1771774002557.539,BTC/EUR,57377.7,57383.3,0.10929775,0.0386197,-1412.032,8.878,2385.724
2026-02-22T15:26:41.146148+00:00,1771774001146.143,2026-02-22T15:26:42.559050Z,1771774002559.050,BTC/EUR,57377.7,57383.2,0.10929775,0.0238197,-1412.907,8.003,2386.360
2026-02-22T15:26:41.146951+00:00,1771774001146.946,2026-02-22T15:26:42.559985Z,1771774002559.985,BTC/EUR,57377.7,57383.2,0.10929775,0.0386197,-1413.039,7.871,2387.163
2026-02-22T15:26:41.149129+00:00,1771774001149.118,2026-02-22T15:26:42.561417Z,1771774002561.417,BTC/EUR,57377.7,57383.1,0.10929775,0.0238197,-1412.299,8.611,2389.336
2026-02-22T15:26:41.150126+00:00,1771774001150.114,2026-02-22T15:26:42.562472Z,1771774002562.472,BTC/EUR,57377.7,57383.1,0.10929775,0.0386197,-1412.358,8.552,2390.332
2026-02-22T15:26:41.150648+00:00,1771774001150.643,2026-02-22T15:26:42.563645Z,1771774002563.645,BTC/EUR,57377.7,57383.1,0.10929775,0.0148,-1413.002,7.908,2390.860
2026-02-22T15:26:41.152704+00:00,1771774001152.688,2026-02-22T15:26:42.565309Z,1771774002565.309,BTC/EUR,57377.7,57383.0,0.10929775,0.0238197,-1412.621,8.289,2392.906
2026-02-22T15:26:41.153440+00:00,1771774001153.435,2026-02-22T15:26:42.566368Z,1771774002566.368,BTC/EUR,57377.7,57383.0,0.10929775,0.0386197,-1412.934,7.976,2393.652
2026-02-22T15:26:41.154961+00:00,1771774001154.956,2026-02-22T15:26:42.567677Z,1771774002567.677,BTC/EUR,57377.7,57382.9,0.10929775,0.0238197,-1412.721,8.189,2395.173
2026-02-22T15:26:41.155667+00:00,1771774001155.662,2026-02-22T15:26:42.568625Z,1771774002568.625,BTC/EUR,57377.7,57382.9,0.10929775,0.0386197,-1412.963,7.947,2395.879
2026-02-22T15:26:41.158158+00:00,1771774001158.145,2026-02-22T15:26:42.569975Z,1771774002569.975,BTC/EUR,57377.7,57382.8,0.10929775,0.0238197,-1411.830,9.080,2398.362
2026-02-22T15:26:41.158566+00:00,1771774001158.556,2026-02-22T15:26:42.571166Z,1771774002571.166,BTC/EUR,57377.7,57382.8,0.10929775,0.0386197,-1412.610,8.300,2398.773
2026-02-22T15:26:41.160599+00:00,1771774001160.586,2026-02-22T15:26:42.572592Z,1771774002572.592,BTC/EUR,57377.7,57382.7,0.10929775,0.0238197,-1412.006,8.904,2400.803
2026-02-22T15:26:41.161736+00:00,1771774001161.730,2026-02-22T15:26:42.573650Z,1771774002573.650,BTC/EUR,57377.7,57382.7,0.10929775,0.0386197,-1411.920,8.990,2401.948
2026-02-22T15:26:41.162647+00:00,1771774001162.642,2026-02-22T15:26:42.575216Z,1771774002575.216,BTC/EUR,57377.7,57382.6,0.10929775,0.0238197,-1412.574,8.336,2402.859
2026-02-22T15:26:41.164012+00:00,1771774001164.007,2026-02-22T15:26:42.576221Z,1771774002576.221,BTC/EUR,57377.7,57382.6,0.10929775,0.0386197,-1412.214,8.696,2404.224
2026-02-22T15:26:41.165928+00:00,1771774001165.923,2026-02-22T15:26:42.577722Z,1771774002577.722,BTC/EUR,57377.7,57382.5,0.10929775,0.0238197,-1411.799,9.111,2406.140
2026-02-22T15:26:41.167031+00:00,1771774001167.026,2026-02-22T15:26:42.579675Z,1771774002579.675,BTC/EUR,57377.7,57382.5,0.10929775,0.0386197,-1412.649,8.261,2407.243
2026-02-22T15:26:41.170515+00:00,1771774001170.505,2026-02-22T15:26:42.581372Z,1771774002581.372,BTC/EUR,57377.7,57382.4,0.10929775,0.0238197,-1410.867,10.043,2410.722
2026-02-22T15:26:41.172023+00:00,1771774001172.008,2026-02-22T15:26:42.582606Z,1771774002582.606,BTC/EUR,57377.7,57382.4,0.10929775,0.0386197,-1410.598,10.312,2412.225
2026-02-22T15:26:41.172047+00:00,1771774001172.042,2026-02-22T15:26:42.583124Z,1771774002583.124,BTC/EUR,57377.7,57382.3,0.10929775,0.0238197,-1411.083,9.828,2412.259
2026-02-22T15:26:41.172060+00:00,1771774001172.056,2026-02-22T15:26:42.584120Z,1771774002584.120,BTC/EUR,57377.7,57382.3,0.10929775,0.0386197,-1412.064,8.846,2412.273
2026-02-22T15:26:41.173446+00:00,1771774001173.430,2026-02-22T15:26:42.585421Z,1771774002585.421,BTC/EUR,57377.7,57382.2,0.10929775,0.0238197,-1411.991,8.919,2413.647
2026-02-22T15:26:41.174301+00:00,1771774001174.293,2026-02-22T15:26:42.586286Z,1771774002586.286,BTC/EUR,57377.7,57382.2,0.10929775,0.0386197,-1411.993,8.917,2414.511
2026-02-22T15:26:41.174889+00:00,1771774001174.883,2026-02-22T15:26:42.587600Z,1771774002587.600,BTC/EUR,57377.7,57382.1,0.10929775,0.0238197,-1412.717,8.193,2415.100
2026-02-22T15:26:41.175825+00:00,1771774001175.820,2026-02-22T15:26:42.588703Z,1771774002588.703,BTC/EUR,57377.7,57382.1,0.10929775,0.0386197,-1412.883,8.027,2416.037
2026-02-22T15:26:41.178072+00:00,1771774001178.060,2026-02-22T15:26:42.590150Z,1771774002590.150,BTC/EUR,57377.7,57382.0,0.10929775,0.0238197,-1412.090,8.820,2418.278
2026-02-22T15:26:41.179992+00:00,1771774001179.987,2026-02-22T15:26:42.591232Z,1771774002591.232,BTC/EUR,57377.7,57382.0,0.10929775,0.0386197,-1411.246,9.664,2420.204
2026-02-22T15:26:41.183495+00:00,1771774001183.483,2026-02-22T15:26:42.592666Z,1771774002592.666,BTC/EUR,57377.7,57381.9,0.10929775,0.0238197,-1409.183,11.727,2423.701
2026-02-22T15:26:41.183523+00:00,1771774001183.514,2026-02-22T15:26:42.593778Z,1771774002593.778,BTC/EUR,57377.7,57381.9,0.10929775,0.0386197,-1410.263,10.647,2423.732
2026-02-22T15:26:41.183546+00:00,1771774001183.538,2026-02-22T15:26:42.595217Z,1771774002595.217,BTC/EUR,57377.7,57381.8,0.10929775,0.0238197,-1411.679,9.231,2423.756
2026-02-22T15:26:41.183907+00:00,1771774001183.897,2026-02-22T15:26:42.596219Z,1771774002596.219,BTC/EUR,57377.7,57381.8,0.10929775,0.0386197,-1412.322,8.588,2424.114
2026-02-22T15:26:41.184624+00:00,1771774001184.607,2026-02-22T15:26:42.597522Z,1771774002597.522,BTC/EUR,57377.7,57381.7,0.10929775,0.0238197,-1412.915,7.995,2424.825
2026-02-22T15:26:41.185650+00:00,1771774001185.635,2026-02-22T15:26:42.598572Z,1771774002598.572,BTC/EUR,57377.7,57381.7,0.10929775,0.0386197,-1412.937,7.973,2425.852
2026-02-22T15:26:41.187737+00:00,1771774001187.721,2026-02-22T15:26:42.600062Z,1771774002600.062,BTC/EUR,57377.7,57381.6,0.10929775,0.0238197,-1412.341,8.569,2427.939
2026-02-22T15:26:41.197548+00:00,1771774001197.536,2026-02-22T15:26:42.610470Z,1771774002610.470,BTC/EUR,57377.7,57381.6,0.10929775,0.0386197,-1412.934,7.976,2437.753
2026-02-22T15:26:41.200017+00:00,1771774001199.983,2026-02-22T15:26:42.612102Z,1771774002612.102,BTC/EUR,57377.7,57381.5,0.10929775,0.0238197,-1412.119,8.791,2440.201
2026-02-22T15:26:41.217003+00:00,1771774001216.987,2026-02-22T15:26:42.629816Z,1771774002629.816,BTC/EUR,57377.7,57381.5,0.10929775,0.0386197,-1412.829,8.081,2457.205
2026-02-22T15:26:41.218934+00:00,1771774001218.919,2026-02-22T15:26:42.631685Z,1771774002631.685,BTC/EUR,57377.7,57381.4,0.10929775,0.0238197,-1412.766,8.144,2459.136
2026-02-22T15:26:41.220869+00:00,1771774001220.848,2026-02-22T15:26:42.632726Z,1771774002632.726,BTC/EUR,57377.7,57381.4,0.10929775,0.0386197,-1411.878,9.032,2461.066
2026-02-22T15:26:41.222416+00:00,1771774001222.383,2026-02-22T15:26:42.633341Z,1771774002633.341,BTC/EUR,57377.7,57381.3,0.10929775,0.0238197,-1410.958,9.952,2462.600
2026-02-22T15:26:41.223336+00:00,1771774001223.314,2026-02-22T15:26:42.634848Z,1771774002634.848,BTC/EUR,57377.7,57381.3,0.10929775,0.0386197,-1411.534,9.376,2463.531
2026-02-22T15:26:41.224497+00:00,1771774001224.473,2026-02-22T15:26:42.636418Z,1771774002636.418,BTC/EUR,57377.7,57381.2,0.10929775,0.0238197,-1411.945,8.965,2464.690
2026-02-22T15:26:41.226594+00:00,1771774001226.573,2026-02-22T15:26:42.639540Z,1771774002639.540,BTC/EUR,57377.7,57381.2,0.10929775,0.0386197,-1412.967,7.943,2466.791
2026-02-22T15:26:41.228614+00:00,1771774001228.604,2026-02-22T15:26:42.641039Z,1771774002641.039,BTC/EUR,57377.7,57381.1,0.10929775,0.0238197,-1412.435,8.475,2468.822
2026-02-22T15:26:41.231844+00:00,1771774001231.832,2026-02-22T15:26:42.643050Z,1771774002643.050,BTC/EUR,57377.7,57381.1,0.10929775,0.0386197,-1411.219,9.692,2472.049
2026-02-22T15:26:41.235588+00:00,1771774001235.557,2026-02-22T15:26:42.644611Z,1771774002644.611,BTC/EUR,57377.7,57381.0,0.10929775,0.0238197,-1409.053,11.857,2475.775
2026-02-22T15:26:41.235635+00:00,1771774001235.623,2026-02-22T15:26:42.646512Z,1771774002646.512,BTC/EUR,57377.7,57381.0,0.10929775,0.0386197,-1410.889,10.021,2475.840
2026-02-22T15:26:41.238165+00:00,1771774001238.152,2026-02-22T15:26:42.647853Z,1771774002647.853,BTC/EUR,57377.7,57380.9,0.10929775,0.0238197,-1409.701,11.209,2478.369
2026-02-22T15:26:41.242418+00:00,1771774001242.405,2026-02-22T15:26:42.650328Z,1771774002650.328,BTC/EUR,57377.7,57381.0,0.10929775,0.0238197,-1407.923,12.987,2482.623
2026-02-22T15:26:41.242445+00:00,1771774001242.436,2026-02-22T15:26:42.650944Z,1771774002650.944,BTC/EUR,57377.7,57380.9,0.10929775,0.0148,-1408.508,12.402,2482.653
2026-02-22T15:26:41.242469+00:00,1771774001242.460,2026-02-22T15:26:42.651802Z,1771774002651.802,BTC/EUR,57377.7,57381.3,0.10929775,0.0238197,-1409.342,11.568,2482.678
2026-02-22T15:26:41.242491+00:00,1771774001242.483,2026-02-22T15:26:42.652811Z,1771774002652.811,BTC/EUR,57377.7,57380.8,0.10929775,0.0238197,-1410.328,10.582,2482.701
2026-02-22T15:26:41.246722+00:00,1771774001246.712,2026-02-22T15:26:42.654270Z,1771774002654.270,BTC/EUR,57377.7,57380.7,0.10929775,0.0238197,-1407.558,13.352,2486.929
2026-02-22T15:26:41.246748+00:00,1771774001246.740,2026-02-22T15:26:42.655765Z,1771774002655.765,BTC/EUR,57377.7,57381.3,0.10929775,0.0238197,-1409.025,11.885,2486.957
2026-02-22T15:26:42.058992+00:00,1771774002058.952,2026-02-22T15:26:43.469811Z,1771774003469.811,BTC/EUR,57377.7,57384.4,0.10929775,0.02418094,-1410.859,10.051,3299.169
2026-02-22T15:26:42.059040+00:00,1771774002059.033,2026-02-22T15:26:43.471043Z,1771774003471.043,BTC/EUR,57377.7,57384.4,0.10929775,0.03898094,-1412.010,8.900,3299.250
2026-02-22T15:26:42.059055+00:00,1771774002059.051,2026-02-22T15:26:43.471381Z,1771774003471.381,BTC/EUR,57377.7,57384.3,0.10929775,0.02418094,-1412.330,8.580,3299.268
2026-02-22T15:26:42.060270+00:00,1771774002060.237,2026-02-22T15:26:43.472411Z,1771774003472.411,BTC/EUR,57377.7,57384.3,0.10929775,0.03898094,-1412.174,8.736,3300.455
2026-02-22T15:26:42.061324+00:00,1771774002061.307,2026-02-22T15:26:43.473985Z,1771774003473.985,BTC/EUR,57377.7,57384.2,0.10929775,0.02418094,-1412.678,8.232,3301.524
2026-02-22T15:26:42.062274+00:00,1771774002062.263,2026-02-22T15:26:43.474998Z,1771774003474.998,BTC/EUR,57377.7,57384.2,0.10929775,0.03898094,-1412.735,8.175,3302.480
2026-02-22T15:26:42.064376+00:00,1771774002064.140,2026-02-22T15:26:43.476393Z,1771774003476.393,BTC/EUR,57377.7,57384.1,0.10929775,0.02418094,-1412.253,8.657,3304.358
2026-02-22T15:26:42.064466+00:00,1771774002064.454,2026-02-22T15:26:43.477239Z,1771774003477.239,BTC/EUR,57377.7,57384.1,0.10929775,0.03898094,-1412.785,8.125,3304.672
2026-02-22T15:26:42.065956+00:00,1771774002065.923,2026-02-22T15:26:43.478700Z,1771774003478.700,BTC/EUR,57377.7,57384.0,0.10929775,0.02418094,-1412.777,8.133,3306.140
2026-02-22T15:26:42.067049+00:00,1771774002067.041,2026-02-22T15:26:43.479856Z,1771774003479.856,BTC/EUR,57377.7,57384.0,0.10929775,0.03898094,-1412.815,8.095,3307.258
2026-02-22T15:26:42.068266+00:00,1771774002068.260,2026-02-22T15:26:43.481022Z,1771774003481.022,BTC/EUR,57377.7,57384.0,0.10929775,0.0148,-1412.762,8.148,3308.477
2026-02-22T15:26:42.072010+00:00,1771774002071.992,2026-02-22T15:26:43.482483Z,1771774003482.483,BTC/EUR,57377.7,57383.9,0.10929775,0.02418094,-1410.491,10.419,3312.209
2026-02-22T15:26:42.072038+00:00,1771774002072.031,2026-02-22T15:26:43.483477Z,1771774003483.477,BTC/EUR,57377.7,57383.9,0.10929775,0.03898094,-1411.446,9.464,3312.248
2026-02-22T15:26:42.072297+00:00,1771774002072.290,2026-02-22T15:26:43.484888Z,1771774003484.888,BTC/EUR,57377.7,57383.8,0.10929775,0.02418094,-1412.598,8.312,3312.507
2026-02-22T15:26:42.073585+00:00,1771774002073.571,2026-02-22T15:26:43.485790Z,1771774003485.790,BTC/EUR,57377.7,57383.8,0.10929775,0.03898094,-1412.219,8.691,3313.788
2026-02-22T15:26:42.073875+00:00,1771774002073.867,2026-02-22T15:26:43.486337Z,1771774003486.337,BTC/EUR,57377.7,57383.7,0.10929775,0.02418094,-1412.469,8.441,3314.085
2026-02-22T15:26:42.074368+00:00,1771774002074.353,2026-02-22T15:26:43.487207Z,1771774003487.207,BTC/EUR,57377.7,57383.7,0.10929775,0.03898094,-1412.854,8.056,3314.571
2026-02-22T15:26:42.075658+00:00,1771774002075.643,2026-02-22T15:26:43.488483Z,1771774003488.483,BTC/EUR,57377.7,57383.6,0.10929775,0.02418094,-1412.840,8.070,3315.860
2026-02-22T15:26:42.077184+00:00,1771774002077.169,2026-02-22T15:26:43.489906Z,1771774003489.906,BTC/EUR,57377.7,57383.6,0.10929775,0.03898094,-1412.737,8.173,3317.387
2026-02-22T15:26:42.079227+00:00,1771774002079.213,2026-02-22T15:26:43.491534Z,1771774003491.534,BTC/EUR,57377.7,57383.5,0.10929775,0.02418094,-1412.321,8.589,3319.430
2026-02-22T15:26:42.079991+00:00,1771774002079.976,2026-02-22T15:26:43.492577Z,1771774003492.577,BTC/EUR,57377.7,57383.5,0.10929775,0.03898094,-1412.601,8.309,3320.193
2026-02-22T15:26:42.081631+00:00,1771774002081.616,2026-02-22T15:26:43.494077Z,1771774003494.077,BTC/EUR,57377.7,57383.5,0.10929775,0.0148,-1412.461,8.449,3321.833
2026-02-22T15:26:42.082605+00:00,1771774002082.588,2026-02-22T15:26:43.495393Z,1771774003495.393,BTC/EUR,57377.7,57383.4,0.10929775,0.02418094,-1412.805,8.105,3322.805
2026-02-22T15:26:42.083810+00:00,1771774002083.802,2026-02-22T15:26:43.496279Z,1771774003496.279,BTC/EUR,57377.7,57383.4,0.10929775,0.03898094,-1412.477,8.433,3324.019
2026-02-22T15:26:42.085346+00:00,1771774002085.330,2026-02-22T15:26:43.497765Z,1771774003497.765,BTC/EUR,57377.7,57383.3,0.10929775,0.02418094,-1412.435,8.475,3325.548
2026-02-22T15:26:42.086206+00:00,1771774002086.191,2026-02-22T15:26:43.498937Z,1771774003498.937,BTC/EUR,57377.7,57383.3,0.10929775,0.03898094,-1412.746,8.164,3326.408
2026-02-22T15:26:42.087784+00:00,1771774002087.769,2026-02-22T15:26:43.500210Z,1771774003500.210,BTC/EUR,57377.7,57383.2,0.10929775,0.02418094,-1412.441,8.469,3327.986
2026-02-22T15:26:42.088929+00:00,1771774002088.914,2026-02-22T15:26:43.501282Z,1771774003501.282,BTC/EUR,57377.7,57383.2,0.10929775,0.03898094,-1412.368,8.542,3329.131
2026-02-22T15:26:42.088953+00:00,1771774002088.947,2026-02-22T15:26:43.501505Z,1771774003501.505,BTC/EUR,57377.7,57383.1,0.10929775,0.02418094,-1412.558,8.352,3329.164
2026-02-22T15:26:42.091832+00:00,1771774002091.802,2026-02-22T15:26:43.503074Z,1771774003503.074,BTC/EUR,57377.7,57383.1,0.10929775,0.03898094,-1411.272,9.638,3332.019
2026-02-22T15:26:42.091879+00:00,1771774002091.867,2026-02-22T15:26:43.504520Z,1771774003504.520,BTC/EUR,57377.7,57383.0,0.10929775,0.02418094,-1412.653,8.257,3332.084
2026-02-22T15:26:42.093040+00:00,1771774002093.017,2026-02-22T15:26:43.505518Z,1771774003505.518,BTC/EUR,57377.7,57383.0,0.10929775,0.03898094,-1412.501,8.409,3333.235
2026-02-22T15:26:42.093854+00:00,1771774002093.833,2026-02-22T15:26:43.506876Z,1771774003506.876,BTC/EUR,57377.7,57382.9,0.10929775,0.02418094,-1413.043,7.867,3334.051
2026-02-22T15:26:42.095901+00:00,1771774002095.880,2026-02-22T15:26:43.508184Z,1771774003508.184,BTC/EUR,57377.7,57382.9,0.10929775,0.03898094,-1412.303,8.607,3336.098
2026-02-22T15:26:42.096280+00:00,1771774002096.269,2026-02-22T15:26:43.509157Z,1771774003509.157,BTC/EUR,57377.7,57382.9,0.10929775,0.0148,-1412.888,8.022,3336.487
2026-02-22T15:26:42.097692+00:00,1771774002097.671,2026-02-22T15:26:43.510393Z,1771774003510.393,BTC/EUR,57377.7,57382.8,0.10929775,0.02418094,-1412.721,8.189,3337.889
2026-02-22T15:26:42.098786+00:00,1771774002098.766,2026-02-22T15:26:43.511463Z,1771774003511.463,BTC/EUR,57377.7,57382.8,0.10929775,0.03898094,-1412.697,8.213,3338.983
2026-02-22T15:26:42.100019+00:00,1771774002100.009,2026-02-22T15:26:43.512891Z,1771774003512.891,BTC/EUR,57377.7,57382.7,0.10929775,0.02418094,-1412.883,8.027,3340.226
2026-02-22T15:26:42.113578+00:00,1771774002113.556,2026-02-22T15:26:43.526247Z,1771774003526.247,BTC/EUR,57377.7,57382.7,0.10929775,0.03898094,-1412.691,8.219,3353.773
2026-02-22T15:26:42.115368+00:00,1771774002115.355,2026-02-22T15:26:43.528029Z,1771774003528.029,BTC/EUR,57377.7,57382.6,0.10929775,0.02418094,-1412.674,8.236,3355.572
2026-02-22T15:26:42.118768+00:00,1771774002118.756,2026-02-22T15:26:43.531719Z,1771774003531.719,BTC/EUR,57377.7,57382.6,0.10929775,0.03898094,-1412.963,7.947,3358.974
2026-02-22T15:26:42.120779+00:00,1771774002120.768,2026-02-22T15:26:43.533217Z,1771774003533.217,BTC/EUR,57377.7,57382.5,0.10929775,0.02418094,-1412.449,8.461,3360.985
2026-02-22T15:26:42.121863+00:00,1771774002121.857,2026-02-22T15:26:43.534567Z,1771774003534.567,BTC/EUR,57377.7,57382.4,0.10929775,0.02418094,-1412.710,8.200,3362.074
2026-02-22T15:26:42.124313+00:00,1771774002124.280,2026-02-22T15:26:43.536409Z,1771774003536.409,BTC/EUR,57377.7,57382.3,0.10929775,0.02418094,-1412.129,8.781,3364.497
2026-02-22T15:26:42.125288+00:00,1771774002125.276,2026-02-22T15:26:43.538314Z,1771774003538.314,BTC/EUR,57377.7,57382.5,0.10929775,0.02418094,-1413.038,7.872,3365.494
2026-02-22T15:26:42.129420+00:00,1771774002129.405,2026-02-22T15:26:43.542234Z,1771774003542.234,BTC/EUR,57377.7,57382.5,0.10929775,0.03898094,-1412.829,8.081,3369.623
2026-02-22T15:26:42.131506+00:00,1771774002131.491,2026-02-22T15:26:43.543696Z,1771774003543.696,BTC/EUR,57377.7,57382.4,0.10929775,0.02418094,-1412.205,8.705,3371.708
2026-02-22T15:26:42.132801+00:00,1771774002132.795,2026-02-22T15:26:43.545556Z,1771774003545.556,BTC/EUR,57377.7,57382.4,0.10929775,0.03898094,-1412.761,8.149,3373.012
2026-02-22T15:26:42.133894+00:00,1771774002133.887,2026-02-22T15:26:43.546927Z,1771774003546.927,BTC/EUR,57377.7,57382.3,0.10929775,0.02418094,-1413.040,7.870,3374.104
2026-02-22T15:26:42.156621+00:00,1771774002156.594,2026-02-22T15:26:43.568640Z,1771774003568.640,BTC/EUR,57377.7,57382.3,0.10929775,0.03898094,-1412.046,8.864,3396.811
2026-02-22T15:26:42.157848+00:00,1771774002157.832,2026-02-22T15:26:43.569985Z,1771774003569.985,BTC/EUR,57377.7,57382.2,0.10929775,0.02418094,-1412.153,8.757,3398.049
2026-02-22T15:26:42.168840+00:00,1771774002168.823,2026-02-22T15:26:43.579787Z,1771774003579.787,BTC/EUR,57377.7,57382.2,0.10929775,0.03898094,-1410.964,9.946,3409.040
2026-02-22T15:26:42.168874+00:00,1771774002168.867,2026-02-22T15:26:43.581366Z,1771774003581.366,BTC/EUR,57377.7,57382.1,0.10929775,0.02418094,-1412.499,8.411,3409.084
2026-02-22T15:26:42.170868+00:00,1771774002170.853,2026-02-22T15:26:43.583550Z,1771774003583.550,BTC/EUR,57377.7,57382.1,0.10929775,0.03898094,-1412.698,8.213,3411.070
2026-02-22T15:26:42.172216+00:00,1771774002172.200,2026-02-22T15:26:43.585085Z,1771774003585.085,BTC/EUR,57377.7,57382.0,0.10929775,0.02418094,-1412.885,8.025,3412.417
2026-02-22T15:26:42.174523+00:00,1771774002174.508,2026-02-22T15:26:43.587205Z,1771774003587.205,BTC/EUR,57377.7,57382.0,0.10929775,0.03898094,-1412.697,8.213,3414.725
2026-02-22T15:26:42.176127+00:00,1771774002176.112,2026-02-22T15:26:43.588654Z,1771774003588.654,BTC/EUR,57377.7,57381.9,0.10929775,0.02418094,-1412.542,8.368,3416.330
2026-02-22T15:26:42.197173+00:00,1771774002197.148,2026-02-22T15:26:43.609884Z,1771774003609.884,BTC/EUR,57377.7,57381.9,0.10929775,0.03898094,-1412.736,8.174,3437.365
2026-02-22T15:26:42.198873+00:00,1771774002198.852,2026-02-22T15:26:43.611520Z,1771774003611.520,BTC/EUR,57377.7,57381.8,0.10929775,0.02418094,-1412.668,8.242,3439.069
2026-02-22T15:26:42.200497+00:00,1771774002200.464,2026-02-22T15:26:43.612796Z,1771774003612.796,BTC/EUR,57377.7,57381.7,0.10929775,0.02418094,-1412.332,8.578,3440.681
2026-02-22T15:26:42.201339+00:00,1771774002201.306,2026-02-22T15:26:43.614227Z,1771774003614.227,BTC/EUR,57377.7,57381.6,0.10929775,0.02418094,-1412.921,7.989,3441.523
2026-02-22T15:26:42.203650+00:00,1771774002203.620,2026-02-22T15:26:43.615963Z,1771774003615.963,BTC/EUR,57377.7,57381.8,0.10929775,0.02418094,-1412.343,8.567,3443.837
2026-02-22T15:26:42.214644+00:00,1771774002214.611,2026-02-22T15:26:43.627151Z,1771774003627.151,BTC/EUR,57377.7,57381.8,0.10929775,0.03898094,-1412.541,8.370,3454.828
2026-02-22T15:26:42.215881+00:00,1771774002215.865,2026-02-22T15:26:43.628661Z,1771774003628.661,BTC/EUR,57377.7,57381.7,0.10929775,0.02418094,-1412.796,8.114,3456.082
2026-02-22T15:26:42.218006+00:00,1771774002217.990,2026-02-22T15:26:43.631021Z,1771774003631.021,BTC/EUR,57377.7,57381.8,0.10929775,0.02418094,-1413.031,7.879,3458.208
2026-02-22T15:26:42.219495+00:00,1771774002219.472,2026-02-22T15:26:43.632350Z,1771774003632.350,BTC/EUR,57377.7,57381.9,0.10929775,0.02418094,-1412.878,8.032,3459.689
2026-02-22T15:26:42.225731+00:00,1771774002225.723,2026-02-22T15:26:43.638565Z,1771774003638.565,BTC/EUR,57377.7,57381.9,0.10929775,0.03898094,-1412.842,8.068,3465.940
2026-02-22T15:26:42.228329+00:00,1771774002228.296,2026-02-22T15:26:43.640079Z,1771774003640.079,BTC/EUR,57377.7,57381.8,0.10929775,0.02418094,-1411.783,9.127,3468.513
2026-02-22T15:26:42.229650+00:00,1771774002229.640,2026-02-22T15:26:43.642450Z,1771774003642.450,BTC/EUR,57377.7,57381.9,0.10929775,0.02418094,-1412.810,8.100,3469.857
2026-02-22T15:26:42.229881+00:00,1771774002229.868,2026-02-22T15:26:43.642862Z,1771774003642.862,BTC/EUR,57377.7,57381.8,0.10929775,0.0148,-1412.994,7.916,3470.085
2026-02-22T15:26:42.230891+00:00,1771774002230.885,2026-02-22T15:26:43.642450Z,1771774003642.450,BTC/EUR,57377.7,57381.9,0.10929775,0.02418094,-1411.565,9.345,3471.102
2026-02-22T15:26:42.231610+00:00,1771774002231.604,2026-02-22T15:26:43.644387Z,1771774003644.387,BTC/EUR,57377.7,57381.7,0.10929775,0.02418094,-1412.782,8.128,3471.822
2026-02-22T15:26:42.233196+00:00,1771774002233.191,2026-02-22T15:26:43.645825Z,1771774003645.825,BTC/EUR,57377.7,57382.0,0.10929775,0.02418094,-1412.634,8.276,3473.408
2026-02-22T15:26:42.390608+00:00,1771774002390.586,2026-02-22T15:26:43.802831Z,1771774003802.831,BTC/EUR,57377.7,57382.0,0.10929775,0.03898094,-1412.245,8.665,3630.803
2026-02-22T15:26:42.391528+00:00,1771774002391.495,2026-02-22T15:26:43.804289Z,1771774003804.289,BTC/EUR,57377.7,57382.0,0.10929775,0.0148,-1412.794,8.116,3631.712
2026-02-22T15:26:42.394977+00:00,1771774002394.947,2026-02-22T15:26:43.807389Z,1771774003807.389,BTC/EUR,57377.7,57381.9,0.10929775,0.02418094,-1412.442,8.468,3635.164
2026-02-22T15:26:42.396834+00:00,1771774002396.816,2026-02-22T15:26:43.809722Z,1771774003809.722,BTC/EUR,57377.7,57384.4,0.10929775,0.02418094,-1412.906,8.004,3637.033
2026-02-22T15:26:42.398601+00:00,1771774002398.594,2026-02-22T15:26:43.810786Z,1771774003810.786,BTC/EUR,57377.7,57384.4,0.10929775,0.03898094,-1412.191,8.719,3638.812
2026-02-22T15:26:42.400663+00:00,1771774002400.656,2026-02-22T15:26:43.812390Z,1771774003812.390,BTC/EUR,57377.7,57384.3,0.10929775,0.02418094,-1411.734,9.176,3640.874
2026-02-22T15:26:42.401714+00:00,1771774002401.708,2026-02-22T15:26:43.813695Z,1771774003813.695,BTC/EUR,57377.7,57384.3,0.10929775,0.03898094,-1411.987,8.923,3641.925
2026-02-22T15:26:42.401727+00:00,1771774002401.723,2026-02-22T15:26:43.814140Z,1771774003814.140,BTC/EUR,57377.7,57384.2,0.10929775,0.02418094,-1412.417,8.493,3641.940
2026-02-22T15:26:42.411050+00:00,1771774002411.036,2026-02-22T15:26:43.823172Z,1771774003823.172,BTC/EUR,57377.7,57384.2,0.10929775,0.03898094,-1412.136,8.774,3651.253
2026-02-22T15:26:42.413360+00:00,1771774002413.348,2026-02-22T15:26:43.824711Z,1771774003824.711,BTC/EUR,57377.7,57384.1,0.10929775,0.02418094,-1411.363,9.547,3653.566
2026-02-22T15:26:42.413388+00:00,1771774002413.379,2026-02-22T15:26:43.825853Z,1771774003825.853,BTC/EUR,57377.7,57384.1,0.10929775,0.03898094,-1412.474,8.436,3653.597
2026-02-22T15:26:42.415281+00:00,1771774002415.271,2026-02-22T15:26:43.827260Z,1771774003827.260,BTC/EUR,57377.7,57384.0,0.10929775,0.02418094,-1411.990,8.921,3655.488
2026-02-22T15:26:42.415756+00:00,1771774002415.750,2026-02-22T15:26:43.828313Z,1771774003828.313,BTC/EUR,57377.7,57384.0,0.10929775,0.03898094,-1412.563,8.347,3655.968
2026-02-22T15:26:42.421955+00:00,1771774002421.937,2026-02-22T15:26:43.829621Z,1771774003829.621,BTC/EUR,57377.7,57383.9,0.10929775,0.02418094,-1407.684,13.226,3662.155
2026-02-22T15:26:42.422018+00:00,1771774002422.010,2026-02-22T15:26:43.830549Z,1771774003830.549,BTC/EUR,57377.7,57383.9,0.10929775,0.03898094,-1408.539,12.371,3662.227
2026-02-22T15:26:42.427287+00:00,1771774002427.272,2026-02-22T15:26:43.832040Z,1771774003832.040,BTC/EUR,57377.7,57383.8,0.10929775,0.02418094,-1404.768,16.142,3667.490
2026-02-22T15:26:42.427312+00:00,1771774002427.306,2026-02-22T15:26:43.832912Z,1771774003832.912,BTC/EUR,57377.7,57383.8,0.10929775,0.03898094,-1405.606,15.304,3667.523
2026-02-22T15:26:42.427326+00:00,1771774002427.322,2026-02-22T15:26:43.833391Z,1771774003833.391,BTC/EUR,57377.7,57383.7,0.10929775,0.02418094,-1406.069,14.841,3667.539
2026-02-22T15:26:42.427339+00:00,1771774002427.335,2026-02-22T15:26:43.834341Z,1771774003834.341,BTC/EUR,57377.7,57383.7,0.10929775,0.03898094,-1407.006,13.904,3667.553
2026-02-22T15:26:42.427351+00:00,1771774002427.347,2026-02-22T15:26:43.835785Z,1771774003835.785,BTC/EUR,57377.7,57383.6,0.10929775,0.02418094,-1408.438,12.472,3667.564
2026-02-22T15:26:42.427362+00:00,1771774002427.358,2026-02-22T15:26:43.836780Z,1771774003836.780,BTC/EUR,57377.7,57383.6,0.10929775,0.03898094,-1409.422,11.488,3667.575
2026-02-22T15:26:42.427372+00:00,1771774002427.369,2026-02-22T15:26:43.838168Z,1771774003838.168,BTC/EUR,57377.7,57383.5,0.10929775,0.02418094,-1410.799,10.111,3667.586
2026-02-22T15:26:42.427383+00:00,1771774002427.379,2026-02-22T15:26:43.839292Z,1771774003839.292,BTC/EUR,57377.7,57383.5,0.10929775,0.03898094,-1411.913,8.997,3667.597
2026-02-22T15:26:42.429394+00:00,1771774002429.379,2026-02-22T15:26:43.841030Z,1771774003841.030,BTC/EUR,57377.7,57383.4,0.10929775,0.02418094,-1411.651,9.259,3669.596
2026-02-22T15:26:42.430561+00:00,1771774002430.546,2026-02-22T15:26:43.842110Z,1771774003842.110,BTC/EUR,57377.7,57383.4,0.10929775,0.03898094,-1411.564,9.346,3670.763
2026-02-22T15:26:42.431141+00:00,1771774002431.126,2026-02-22T15:26:43.843527Z,1771774003843.527,BTC/EUR,57377.7,57383.3,0.10929775,0.02418094,-1412.401,8.509,3671.343
2026-02-22T15:26:42.432107+00:00,1771774002432.092,2026-02-22T15:26:43.844674Z,1771774003844.674,BTC/EUR,57377.7,57383.3,0.10929775,0.03898094,-1412.583,8.328,3672.309
2026-02-22T15:26:42.434795+00:00,1771774002434.780,2026-02-22T15:26:43.845883Z,1771774003845.883,BTC/EUR,57377.7,57383.3,0.10929775,0.0148,-1411.103,9.807,3674.997
2026-02-22T15:26:42.434818+00:00,1771774002434.813,2026-02-22T15:26:43.847237Z,1771774003847.237,BTC/EUR,57377.7,57383.2,0.10929775,0.02418094,-1412.424,8.486,3675.030
2026-02-22T15:26:42.438171+00:00,1771774002438.156,2026-02-22T15:26:43.849959Z,1771774003849.959,BTC/EUR,57377.7,57383.2,0.10929775,0.03898094,-1411.803,9.107,3678.373
2026-02-22T15:26:42.439389+00:00,1771774002439.374,2026-02-22T15:26:43.851916Z,1771774003851.916,BTC/EUR,57377.7,57383.1,0.10929775,0.02418094,-1412.542,8.368,3679.591
2026-02-22T15:26:42.439413+00:00,1771774002439.407,2026-02-22T15:26:43.851927Z,1771774003851.927,BTC/EUR,57376.1,57383.1,0.11910104,0.02418094,-1412.520,8.390,3679.624
2026-02-22T15:26:42.439426+00:00,1771774002439.422,2026-02-22T15:26:43.852007Z,1771774003852.007,BTC/EUR,57377.8,57383.1,0.20717901,0.02418094,-1412.585,8.325,3679.639
2026-02-22T15:26:42.449465+00:00,1771774002449.436,2026-02-22T15:26:43.853014Z,1771774003853.014,BTC/EUR,57377.8,57383.1,0.20717901,0.03898094,-1403.578,17.332,3689.653
2026-02-22T15:26:42.449518+00:00,1771774002449.502,2026-02-22T15:26:43.853535Z,1771774003853.535,BTC/EUR,57377.8,57383.1,0.32627652,0.03898094,-1404.032,16.878,3689.720
2026-02-22T15:26:42.449546+00:00,1771774002449.537,2026-02-22T15:26:43.854521Z,1771774003854.521,BTC/EUR,57377.8,57383.0,0.32627652,0.02418094,-1404.984,15.926,3689.754
2026-02-22T15:26:42.449586+00:00,1771774002449.565,2026-02-22T15:26:43.855055Z,1771774003855.055,BTC/EUR,57377.9,57383.0,0.1190973,0.02418094,-1405.490,15.420,3689.782
2026-02-22T15:26:42.449620+00:00,1771774002449.608,2026-02-22T15:26:43.857792Z,1771774003857.792,BTC/EUR,57377.9,57383.0,0.1190973,0.03898094,-1408.184,12.726,3689.825
2026-02-22T15:26:42.449647+00:00,1771774002449.639,2026-02-22T15:26:43.858108Z,1771774003858.108,BTC/EUR,57376.2,57383.0,0.11910083,0.03898094,-1408.469,12.441,3689.856
2026-02-22T15:26:42.449669+00:00,1771774002449.661,2026-02-22T15:26:43.859341Z,1771774003859.341,BTC/EUR,57376.2,57382.9,0.11910083,0.02418094,-1409.680,11.230,3689.878
2026-02-22T15:26:42.449691+00:00,1771774002449.683,2026-02-22T15:26:43.861082Z,1771774003861.082,BTC/EUR,57376.2,57382.9,0.11910083,0.03898094,-1411.399,9.511,3689.900
2026-02-22T15:26:42.450052+00:00,1771774002450.046,2026-02-22T15:26:43.861289Z,1771774003861.289,BTC/EUR,57376.3,57382.9,0.32557553,0.03898094,-1411.243,9.667,3690.263
2026-02-22T15:26:42.450066+00:00,1771774002450.062,2026-02-22T15:26:43.862415Z,1771774003862.415,BTC/EUR,57376.3,57382.8,0.32557553,0.02418094,-1412.353,8.557,3690.279
2026-02-22T15:26:42.451918+00:00,1771774002451.906,2026-02-22T15:26:43.862415Z,1771774003862.415,BTC/EUR,57376.2,57382.8,0.11910083,0.02418094,-1410.509,10.401,3692.124
2026-02-22T15:26:42.451946+00:00,1771774002451.938,2026-02-22T15:26:43.863128Z,1771774003863.128,BTC/EUR,57376.4,57382.8,0.11910041,0.02418094,-1411.190,9.720,3692.155
2026-02-22T15:26:42.451979+00:00,1771774002451.971,2026-02-22T15:26:43.863845Z,1771774003863.845,BTC/EUR,57376.4,57382.7,0.11910041,0.02418094,-1411.874,9.036,3692.188
2026-02-22T15:26:42.453640+00:00,1771774002453.634,2026-02-22T15:26:43.864699Z,1771774003864.699,BTC/EUR,57376.2,57382.7,0.11910083,0.02418094,-1411.065,9.845,3693.851
2026-02-22T15:26:42.453653+00:00,1771774002453.649,2026-02-22T15:26:43.864983Z,1771774003864.983,BTC/EUR,57376.2,57382.8,0.11910083,0.02418094,-1411.334,9.576,3693.866
2026-02-22T15:26:42.455211+00:00,1771774002455.203,2026-02-22T15:26:43.867071Z,1771774003867.071,BTC/EUR,57376.2,57382.8,0.11910083,0.03898094,-1411.868,9.042,3695.420
2026-02-22T15:26:42.455225+00:00,1771774002455.221,2026-02-22T15:26:43.867636Z,1771774003867.636,BTC/EUR,57375.1,57382.8,0.11910311,0.03898094,-1412.415,8.495,3695.438
2026-02-22T15:26:42.456287+00:00,1771774002456.281,2026-02-22T15:26:43.868986Z,1771774003868.986,BTC/EUR,57376.1,57382.8,0.0043,0.03898094,-1412.705,8.205,3696.499
2026-02-22T15:26:42.456300+00:00,1771774002456.296,2026-02-22T15:26:43.869000Z,1771774003869.000,BTC/EUR,57376.1,57382.8,0.0043,0.0148,-1412.704,8.206,3696.513
2026-02-22T15:26:42.457573+00:00,1771774002457.567,2026-02-22T15:26:43.870350Z,1771774003870.350,BTC/EUR,57376.1,57382.7,0.0043,0.02418094,-1412.783,8.127,3697.784
2026-02-22T15:26:42.460194+00:00,1771774002460.183,2026-02-22T15:26:43.870798Z,1771774003870.798,BTC/EUR,57376.2,57382.7,0.11910083,0.02418094,-1410.615,10.295,3700.401
2026-02-22T15:26:42.461238+00:00,1771774002461.232,2026-02-22T15:26:43.873707Z,1771774003873.707,BTC/EUR,57375.3,57382.7,0.1191027,0.02418094,-1412.475,8.435,3701.449
2026-02-22T15:26:42.463738+00:00,1771774002463.727,2026-02-22T15:26:43.876734Z,1771774003876.734,BTC/EUR,57375.3,57382.7,0.1191027,0.03898094,-1413.007,7.903,3703.944
2026-02-22T15:26:42.465870+00:00,1771774002465.837,2026-02-22T15:26:43.877717Z,1771774003877.717,BTC/EUR,57373.9,57382.7,0.1191056,0.03898094,-1411.880,9.030,3706.055
2026-02-22T15:26:42.465991+00:00,1771774002465.974,2026-02-22T15:26:43.878104Z,1771774003878.104,BTC/EUR,57373.9,57382.6,0.1191056,0.02418094,-1412.130,8.780,3706.192
2026-02-22T15:26:42.477902+00:00,1771774002477.886,2026-02-22T15:26:43.879931Z,1771774003879.931,BTC/EUR,57373.9,57382.6,0.1191056,0.03898094,-1402.045,18.865,3718.104
2026-02-22T15:26:42.477931+00:00,1771774002477.925,2026-02-22T15:26:43.881751Z,1771774003881.751,BTC/EUR,57373.9,57382.5,0.1191056,0.02418094,-1403.826,17.084,3718.142
2026-02-22T15:26:42.477946+00:00,1771774002477.941,2026-02-22T15:26:43.883079Z,1771774003883.079,BTC/EUR,57373.9,57382.5,0.1191056,0.03898094,-1405.138,15.772,3718.158
2026-02-22T15:26:42.477958+00:00,1771774002477.954,2026-02-22T15:26:43.884624Z,1771774003884.624,BTC/EUR,57373.9,57382.4,0.1191056,0.02418094,-1406.670,14.240,3718.171
2026-02-22T15:26:42.477969+00:00,1771774002477.965,2026-02-22T15:26:43.886547Z,1771774003886.547,BTC/EUR,57373.9,57382.4,0.1191056,0.03898094,-1408.582,12.328,3718.183
2026-02-22T15:26:42.477980+00:00,1771774002477.976,2026-02-22T15:26:43.887927Z,1771774003887.927,BTC/EUR,57373.9,57382.3,0.1191056,0.02418094,-1409.951,10.959,3718.193
2026-02-22T15:26:42.477990+00:00,1771774002477.987,2026-02-22T15:26:43.889110Z,1771774003889.110,BTC/EUR,57373.9,57382.3,0.1191056,0.03898094,-1411.123,9.787,3718.204
2026-02-22T15:26:42.478169+00:00,1771774002478.154,2026-02-22T15:26:43.890372Z,1771774003890.372,BTC/EUR,57373.9,57382.3,0.1191056,0.0148,-1412.218,8.692,3718.371
2026-02-22T15:26:42.479761+00:00,1771774002479.746,2026-02-22T15:26:43.891880Z,1771774003891.880,BTC/EUR,57373.9,57382.2,0.1191056,0.02418094,-1412.134,8.776,3719.963
2026-02-22T15:26:42.479786+00:00,1771774002479.780,2026-02-22T15:26:43.892089Z,1771774003892.089,BTC/EUR,57372.0,57382.2,0.11910955,0.02418094,-1412.309,8.601,3719.997
2026-02-22T15:26:42.479799+00:00,1771774002479.795,2026-02-22T15:26:43.892276Z,1771774003892.276,BTC/EUR,57374.0,57382.2,0.32558858,0.02418094,-1412.481,8.429,3720.012
2026-02-22T15:26:42.480838+00:00,1771774002480.826,2026-02-22T15:26:43.892727Z,1771774003892.727,BTC/EUR,57374.0,57382.2,0.32558858,0.03898094,-1411.901,9.009,3721.043
2026-02-22T15:26:42.482534+00:00,1771774002482.518,2026-02-22T15:26:43.893975Z,1771774003893.975,BTC/EUR,57374.1,57382.2,0.11910519,0.03898094,-1411.458,9.453,3722.735
2026-02-22T15:26:42.482561+00:00,1771774002482.555,2026-02-22T15:26:43.894574Z,1771774003894.574,BTC/EUR,57374.1,57382.1,0.11910519,0.02418094,-1412.019,8.891,3722.772
2026-02-22T15:26:42.486781+00:00,1771774002486.766,2026-02-22T15:26:43.895676Z,1771774003895.676,BTC/EUR,57372.2,57382.1,0.11910913,0.02418094,-1408.910,12.000,3726.983
2026-02-22T15:26:42.486807+00:00,1771774002486.801,2026-02-22T15:26:43.896897Z,1771774003896.897,BTC/EUR,57372.3,57382.1,0.09367351,0.02418094,-1410.096,10.814,3727.018
2026-02-22T15:26:42.487003+00:00,1771774002486.997,2026-02-22T15:26:43.898722Z,1771774003898.722,BTC/EUR,57372.4,57382.1,0.11910872,0.02418094,-1411.725,9.185,3727.214
2026-02-22T15:26:42.489908+00:00,1771774002489.897,2026-02-22T15:26:43.899903Z,1771774003899.903,BTC/EUR,57372.5,57382.1,0.09367351,0.02418094,-1410.006,10.904,3730.114
2026-02-22T15:26:42.491187+00:00,1771774002491.181,2026-02-22T15:26:43.902731Z,1771774003902.731,BTC/EUR,57372.6,57382.1,0.1191083,0.02418094,-1411.550,9.360,3731.399
2026-02-22T15:26:42.491201+00:00,1771774002491.197,2026-02-22T15:26:43.903758Z,1771774003903.758,BTC/EUR,57372.7,57382.1,0.09367351,0.02418094,-1412.561,8.349,3731.414
2026-02-22T15:26:42.493024+00:00,1771774002493.014,2026-02-22T15:26:43.905246Z,1771774003905.246,BTC/EUR,57372.8,57382.1,0.11910789,0.02418094,-1412.232,8.678,3733.231
2026-02-22T15:26:42.496773+00:00,1771774002496.762,2026-02-22T15:26:43.908504Z,1771774003908.504,BTC/EUR,57372.0,57382.1,0.11910955,0.02418094,-1411.741,9.169,3736.980
2026-02-22T15:26:42.501296+00:00,1771774002501.280,2026-02-22T15:26:43.909872Z,1771774003909.872,BTC/EUR,57372.1,57382.1,0.09367351,0.02418094,-1408.592,12.318,3741.497
2026-02-22T15:26:42.501320+00:00,1771774002501.314,2026-02-22T15:26:43.911581Z,1771774003911.581,BTC/EUR,57372.2,57382.1,0.11910913,0.02418094,-1410.267,10.643,3741.531
2026-02-22T15:26:42.501333+00:00,1771774002501.329,2026-02-22T15:26:43.912866Z,1771774003912.866,BTC/EUR,57372.3,57382.1,0.09367351,0.02418094,-1411.537,9.373,3741.546
2026-02-22T15:26:42.503433+00:00,1771774002503.400,2026-02-22T15:26:43.914361Z,1771774003914.361,BTC/EUR,57372.4,57382.1,0.11910872,0.02418094,-1410.961,9.949,3743.617
2026-02-22T15:26:42.504868+00:00,1771774002504.859,2026-02-22T15:26:43.915547Z,1771774003915.547,BTC/EUR,57372.5,57382.1,0.09367351,0.02418094,-1410.688,10.222,3745.076
2026-02-22T15:26:42.504885+00:00,1771774002504.880,2026-02-22T15:26:43.915672Z,1771774003915.672,BTC/EUR,57372.5,57382.1,0.21278202,0.02418094,-1410.792,10.118,3745.098
2026-02-22T15:26:42.506432+00:00,1771774002506.417,2026-02-22T15:26:43.917223Z,1771774003917.223,BTC/EUR,57372.6,57382.1,0.1191083,0.02418094,-1410.806,10.104,3746.634
2026-02-22T15:26:42.506455+00:00,1771774002506.449,2026-02-22T15:26:43.918367Z,1771774003918.367,BTC/EUR,57372.7,57382.1,0.09367351,0.02418094,-1411.917,8.993,3746.667
2026-02-22T15:26:42.506834+00:00,1771774002506.825,2026-02-22T15:26:43.919659Z,1771774003919.659,BTC/EUR,57372.8,57382.1,0.11910789,0.02418094,-1412.834,8.076,3747.042
2026-02-22T15:26:42.512475+00:00,1771774002512.458,2026-02-22T15:26:43.922150Z,1771774003922.150,BTC/EUR,57372.0,57382.1,0.11910955,0.02418094,-1409.692,11.218,3752.676
2026-02-22T15:26:42.518912+00:00,1771774002518.897,2026-02-22T15:26:43.924149Z,1771774003924.149,BTC/EUR,57372.1,57382.1,0.09367351,0.02418094,-1405.252,15.658,3759.115
2026-02-22T15:26:42.518936+00:00,1771774002518.930,2026-02-22T15:26:43.925848Z,1771774003925.848,BTC/EUR,57372.2,57382.1,0.11910913,0.02418094,-1406.918,13.992,3759.147
2026-02-22T15:26:42.518951+00:00,1771774002518.946,2026-02-22T15:26:43.927280Z,1771774003927.280,BTC/EUR,57372.3,57382.1,0.09367351,0.02418094,-1408.334,12.576,3759.164
2026-02-22T15:26:42.518964+00:00,1771774002518.958,2026-02-22T15:26:43.929069Z,1771774003929.069,BTC/EUR,57372.4,57382.1,0.11910872,0.02418094,-1410.111,10.799,3759.176
2026-02-22T15:26:42.520156+00:00,1771774002520.141,2026-02-22T15:26:43.930209Z,1771774003930.209,BTC/EUR,57372.5,57382.1,0.09367351,0.02418094,-1410.068,10.842,3760.359
2026-02-22T15:26:42.520180+00:00,1771774002520.174,2026-02-22T15:26:43.931768Z,1771774003931.768,BTC/EUR,57372.6,57382.1,0.1191083,0.02418094,-1411.594,9.316,3760.391
2026-02-22T15:26:42.524281+00:00,1771774002524.252,2026-02-22T15:26:43.932802Z,1771774003932.802,BTC/EUR,57372.7,57382.1,0.09367351,0.02418094,-1408.550,12.360,3764.469
2026-02-22T15:26:42.524328+00:00,1771774002524.316,2026-02-22T15:26:43.934455Z,1771774003934.455,BTC/EUR,57372.8,57382.1,0.11910789,0.02418094,-1410.139,10.771,3764.533
2026-02-22T15:26:42.525368+00:00,1771774002525.352,2026-02-22T15:26:43.936105Z,1771774003936.105,BTC/EUR,57372.9,57382.1,0.11910768,0.02418094,-1410.753,10.157,3765.570
2026-02-22T15:26:42.526700+00:00,1771774002526.685,2026-02-22T15:26:43.937627Z,1771774003937.627,BTC/EUR,57371.6,57382.1,0.11911038,0.02418094,-1410.942,9.968,3766.903
2026-02-22T15:26:42.528270+00:00,1771774002528.255,2026-02-22T15:26:43.939900Z,1771774003939.900,BTC/EUR,57371.7,57382.1,0.09367351,0.02418094,-1411.645,9.266,3768.473
2026-02-22T15:26:42.537560+00:00,1771774002537.542,2026-02-22T15:26:43.941968Z,1771774003941.968,BTC/EUR,57371.8,57382.1,0.11910996,0.02418094,-1404.426,16.484,3777.759
2026-02-22T15:26:42.537593+00:00,1771774002537.584,2026-02-22T15:26:43.943431Z,1771774003943.431,BTC/EUR,57378.0,57382.1,0.20717829,0.02418094,-1405.847,15.063,3777.801
2026-02-22T15:26:42.537618+00:00,1771774002537.609,2026-02-22T15:26:43.945000Z,1771774003945.000,BTC/EUR,57378.1,57382.1,0.11909688,0.02418094,-1407.391,13.519,3777.826
2026-02-22T15:26:42.537641+00:00,1771774002537.633,2026-02-22T15:26:43.948139Z,1771774003948.139,BTC/EUR,57371.6,57382.1,0.11911038,0.02418094,-1410.506,10.404,3777.850
2026-02-22T15:26:42.539638+00:00,1771774002539.627,2026-02-22T15:26:43.951628Z,1771774003951.628,BTC/EUR,57372.5,57382.1,0.0148,0.02418094,-1412.001,8.909,3779.844
2026-02-22T15:26:42.540767+00:00,1771774002540.759,2026-02-22T15:26:43.952557Z,1771774003952.557,BTC/EUR,57372.5,57382.1,0.0148,0.03898094,-1411.798,9.112,3780.977
2026-02-22T15:26:42.540781+00:00,1771774002540.777,2026-02-22T15:26:43.952557Z,1771774003952.557,BTC/EUR,57371.6,57382.1,0.11911038,0.03898094,-1411.780,9.130,3780.994
2026-02-22T15:26:42.540793+00:00,1771774002540.789,2026-02-22T15:26:43.952998Z,1771774003952.998,BTC/EUR,57372.6,57382.1,0.1191083,0.03898094,-1412.209,8.701,3781.006
2026-02-22T15:26:42.541557+00:00,1771774002541.546,2026-02-22T15:26:43.954217Z,1771774003954.217,BTC/EUR,57372.6,57382.0,0.1191083,0.02418094,-1412.671,8.239,3781.764
2026-02-22T15:26:42.542572+00:00,1771774002542.550,2026-02-22T15:26:43.954562Z,1771774003954.562,BTC/EUR,57371.6,57382.0,0.11911038,0.02418094,-1412.012,8.898,3782.767
2026-02-22T15:26:42.542611+00:00,1771774002542.600,2026-02-22T15:26:43.955207Z,1771774003955.207,BTC/EUR,57371.6,57382.0,0.11911038,0.03898094,-1412.607,8.303,3782.817
2026-02-22T15:26:42.543684+00:00,1771774002543.664,2026-02-22T15:26:43.956093Z,1771774003956.093,BTC/EUR,57371.9,57382.0,0.0148,0.03898094,-1412.429,8.481,3783.881
2026-02-22T15:26:42.544433+00:00,1771774002544.422,2026-02-22T15:26:43.956738Z,1771774003956.738,BTC/EUR,57371.9,57381.9,0.0148,0.02418094,-1412.316,8.594,3784.639
2026-02-22T15:26:42.545095+00:00,1771774002545.073,2026-02-22T15:26:43.957809Z,1771774003957.809,BTC/EUR,57372.0,57381.9,0.11910955,0.02418094,-1412.736,8.174,3785.291
2026-02-22T15:26:42.545135+00:00,1771774002545.122,2026-02-22T15:26:43.957861Z,1771774003957.861,BTC/EUR,57372.0,57381.9,0.11910955,0.03898094,-1412.739,8.172,3785.340
2026-02-22T15:26:42.547317+00:00,1771774002547.308,2026-02-22T15:26:43.959509Z,1771774003959.509,BTC/EUR,57372.0,57381.8,0.11910955,0.02418094,-1412.201,8.709,3787.525
2026-02-22T15:26:42.547334+00:00,1771774002547.329,2026-02-22T15:26:43.959705Z,1771774003959.705,BTC/EUR,57372.0,57381.8,0.13390955,0.02418094,-1412.376,8.534,3787.547
2026-02-22T15:26:42.550769+00:00,1771774002550.758,2026-02-22T15:26:43.961290Z,1771774003961.290,BTC/EUR,57372.1,57381.8,0.11910934,0.02418094,-1410.532,10.378,3790.975
2026-02-22T15:26:42.550795+00:00,1771774002550.786,2026-02-22T15:26:43.962685Z,1771774003962.685,BTC/EUR,57372.2,57381.8,0.11910913,0.02418094,-1411.899,9.011,3791.004
2026-02-22T15:26:42.551629+00:00,1771774002551.622,2026-02-22T15:26:43.964232Z,1771774003964.232,BTC/EUR,57372.0,57381.8,0.11910955,0.02418094,-1412.610,8.300,3791.840
2026-02-22T15:26:42.553555+00:00,1771774002553.545,2026-02-22T15:26:43.966544Z,1771774003966.544,BTC/EUR,57372.1,57381.8,0.11910934,0.02418094,-1412.999,7.911,3793.762
2026-02-22T15:26:42.560996+00:00,1771774002560.988,2026-02-22T15:26:43.968624Z,1771774003968.624,BTC/EUR,57372.2,57381.8,0.11910913,0.02418094,-1407.636,13.274,3801.205
2026-02-22T15:26:42.561015+00:00,1771774002561.007,2026-02-22T15:26:43.970942Z,1771774003970.942,BTC/EUR,57371.6,57381.8,0.11911038,0.02418094,-1409.935,10.975,3801.224
2026-02-22T15:26:42.641241+00:00,1771774002641.208,2026-02-22T15:26:44.050898Z,1771774004050.898,BTC/EUR,57371.7,57381.8,0.0013078,0.02418094,-1409.690,11.220,3881.426
2026-02-22T15:26:42.644851+00:00,1771774002644.818,2026-02-22T15:26:44.056483Z,1771774004056.483,BTC/EUR,57371.7,57381.8,0.12041797,0.02418094,-1411.665,9.245,3885.035
2026-02-22T15:26:42.710950+00:00,1771774002710.917,2026-02-22T15:26:44.123602Z,1771774004123.602,BTC/EUR,57376.5,57381.8,0.32557439,0.02418094,-1412.685,8.225,3951.135
2026-02-22T15:26:42.712767+00:00,1771774002712.743,2026-02-22T15:26:44.125017Z,1771774004125.017,BTC/EUR,57376.6,57381.8,0.1191,0.02418094,-1412.274,8.636,3952.960
2026-02-22T15:26:43.325151+00:00,1771774003325.125,2026-02-22T15:26:44.732522Z,1771774004732.522,BTC/EUR,57377.3,57381.8,0.20718049,0.02418094,-1407.396,13.514,4565.343
2026-02-22T15:26:43.325188+00:00,1771774003325.181,2026-02-22T15:26:44.735151Z,1771774004735.151,BTC/EUR,57377.4,57381.8,0.11909834,0.02418094,-1409.970,10.940,4565.398
2026-02-22T15:26:43.326180+00:00,1771774003326.172,2026-02-22T15:26:44.737869Z,1771774004737.869,BTC/EUR,57377.4,57384.4,0.11909834,0.02418094,-1411.697,9.213,4566.389
2026-02-22T15:26:43.362289+00:00,1771774003362.271,2026-02-22T15:26:44.747815Z,1771774004747.815,BTC/EUR,57375.5,57384.4,0.11910228,0.02418094,-1385.544,35.366,4602.488
2026-02-22T15:26:43.362319+00:00,1771774003362.312,2026-02-22T15:26:44.747833Z,1771774004747.833,BTC/EUR,57375.5,57388.6,0.11910228,0.02418094,-1385.521,35.389,4602.530
2026-02-22T15:26:43.362336+00:00,1771774003362.331,2026-02-22T15:26:44.747902Z,1771774004747.902,BTC/EUR,57375.5,57388.2,0.11910228,0.22193752,-1385.571,35.339,4602.548
2026-02-22T15:26:43.362349+00:00,1771774003362.345,2026-02-22T15:26:44.750824Z,1771774004750.824,BTC/EUR,57376.4,57388.2,0.0043,0.22193752,-1388.479,32.431,4602.562
2026-02-22T15:26:43.362361+00:00,1771774003362.357,2026-02-22T15:26:44.751111Z,1771774004751.111,BTC/EUR,57376.4,57388.1,0.0043,0.02418094,-1388.754,32.156,4602.574
2026-02-22T15:26:43.362373+00:00,1771774003362.368,2026-02-22T15:26:44.751302Z,1771774004751.302,BTC/EUR,57376.4,57388.1,0.0089,0.02418094,-1388.934,31.976,4602.586
2026-02-22T15:26:43.362384+00:00,1771774003362.380,2026-02-22T15:26:44.752275Z,1771774004752.275,BTC/EUR,57376.5,57388.1,0.11910021,0.02418094,-1389.895,31.015,4602.597
2026-02-22T15:26:43.362395+00:00,1771774003362.391,2026-02-22T15:26:44.753826Z,1771774004753.826,BTC/EUR,57376.5,57388.0,0.11910021,0.02418094,-1391.435,29.475,4602.608
2026-02-22T15:26:43.362405+00:00,1771774003362.402,2026-02-22T15:26:44.755001Z,1771774004755.001,BTC/EUR,57375.7,57388.0,0.11910187,0.02418094,-1392.599,28.311,4602.619
2026-02-22T15:26:43.362416+00:00,1771774003362.413,2026-02-22T15:26:44.755064Z,1771774004755.064,BTC/EUR,57375.7,57388.6,0.11910187,0.02418094,-1392.651,28.259,4602.630
2026-02-22T15:26:43.362426+00:00,1771774003362.423,2026-02-22T15:26:44.756588Z,1771774004756.588,BTC/EUR,57374.2,57388.6,0.11910498,0.02418094,-1394.165,26.745,4602.640
2026-02-22T15:26:43.362437+00:00,1771774003362.433,2026-02-22T15:26:44.756672Z,1771774004756.672,BTC/EUR,57374.2,57387.9,0.11910498,0.02418094,-1394.239,26.672,4602.651
2026-02-22T15:26:43.362451+00:00,1771774003362.448,2026-02-22T15:26:44.758339Z,1771774004758.339,BTC/EUR,57374.2,57388.6,0.11910498,0.02418094,-1395.891,25.019,4602.665
2026-02-22T15:26:43.362462+00:00,1771774003362.459,2026-02-22T15:26:44.759858Z,1771774004759.858,BTC/EUR,57374.2,57388.5,0.11910498,0.02418094,-1397.399,23.511,4602.676
2026-02-22T15:26:43.362472+00:00,1771774003362.469,2026-02-22T15:26:44.761540Z,1771774004761.540,BTC/EUR,57374.2,57388.6,0.11910498,0.02418094,-1399.071,21.839,4602.687
2026-02-22T15:26:43.383375+00:00,1771774003383.357,2026-02-22T15:26:44.796150Z,1771774004796.150,BTC/EUR,57374.3,57388.6,0.20719149,0.02418094,-1412.793,8.117,4623.574
2026-02-22T15:26:43.384484+00:00,1771774003384.469,2026-02-22T15:26:44.761540Z,1771774004761.540,BTC/EUR,57374.2,57388.6,0.11910498,0.02418094,-1377.071,43.839,4624.686
2026-02-22T15:26:43.385119+00:00,1771774003385.104,2026-02-22T15:26:44.797748Z,1771774004797.748,BTC/EUR,57374.4,57388.6,0.11910456,0.02418094,-1412.645,8.266,4625.321
2026-02-22T15:26:43.387318+00:00,1771774003387.302,2026-02-22T15:26:44.799148Z,1771774004799.148,BTC/EUR,57374.2,57388.6,0.11910498,0.02418094,-1411.846,9.064,4627.519
2026-02-22T15:26:43.388849+00:00,1771774003388.839,2026-02-22T15:26:44.800221Z,1771774004800.221,BTC/EUR,57374.2,57387.8,0.11910498,0.22193897,-1411.382,9.528,4629.056
2026-02-22T15:26:43.389666+00:00,1771774003389.659,2026-02-22T15:26:44.802081Z,1771774004802.081,BTC/EUR,57374.2,57387.7,0.11910498,0.02418094,-1412.422,8.488,4629.876
2026-02-22T15:26:43.392923+00:00,1771774003392.908,2026-02-22T15:26:44.805456Z,1771774004805.456,BTC/EUR,57374.2,57388.4,0.11910498,0.02418094,-1412.548,8.362,4633.125
2026-02-22T15:26:43.541410+00:00,1771774003541.375,2026-02-22T15:26:44.953424Z,1771774004953.424,BTC/EUR,57374.2,57388.6,0.11910498,0.02418094,-1412.049,8.861,4781.592
2026-02-22T15:26:43.541838+00:00,1771774003541.804,2026-02-22T15:26:44.953827Z,1771774004953.827,BTC/EUR,57374.2,57387.6,0.11910498,0.22193974,-1412.022,8.888,4782.022
2026-02-22T15:26:43.542319+00:00,1771774003542.309,2026-02-22T15:26:44.954196Z,1771774004954.196,BTC/EUR,57378.0,57387.6,0.32556573,0.22193974,-1411.887,9.023,4782.526
2026-02-22T15:26:43.543478+00:00,1771774003543.456,2026-02-22T15:26:44.955251Z,1771774004955.251,BTC/EUR,57378.0,57387.5,0.32556573,0.02418094,-1411.795,9.115,4783.673
2026-02-22T15:26:43.543518+00:00,1771774003543.507,2026-02-22T15:26:44.955630Z,1771774004955.630,BTC/EUR,57378.1,57387.5,0.11909688,0.02418094,-1412.123,8.787,4783.724
2026-02-22T15:26:43.544284+00:00,1771774003544.264,2026-02-22T15:26:44.956816Z,1771774004956.816,BTC/EUR,57378.1,57387.4,0.11909688,0.02418094,-1412.552,8.358,4784.481
2026-02-22T15:26:43.545772+00:00,1771774003545.762,2026-02-22T15:26:44.957523Z,1771774004957.523,BTC/EUR,57378.2,57387.4,0.11909668,0.02418094,-1411.761,9.149,4785.979
2026-02-22T15:26:43.545791+00:00,1771774003545.786,2026-02-22T15:26:44.957999Z,1771774004957.999,BTC/EUR,57378.2,57387.5,0.11909668,0.02418094,-1412.213,8.697,4786.003
2026-02-22T15:26:43.546661+00:00,1771774003546.655,2026-02-22T15:26:44.958773Z,1771774004958.773,BTC/EUR,57378.1,57387.5,0.11909688,0.02418094,-1412.118,8.792,4786.872
2026-02-22T15:26:43.546676+00:00,1771774003546.672,2026-02-22T15:26:44.959180Z,1771774004959.180,BTC/EUR,57378.1,57388.6,0.11909688,0.02418094,-1412.509,8.401,4786.889
2026-02-22T15:26:43.549090+00:00,1771774003549.079,2026-02-22T15:26:44.960874Z,1771774004960.874,BTC/EUR,57378.1,57388.5,0.11909688,0.02418094,-1411.795,9.115,4789.296
2026-02-22T15:26:43.549684+00:00,1771774003549.673,2026-02-22T15:26:44.962001Z,1771774004962.001,BTC/EUR,57378.1,57388.6,0.11909688,0.02418094,-1412.328,8.582,4789.890
2026-02-22T15:26:44.076916+00:00,1771774004076.603,2026-02-22T15:26:45.487727Z,1771774005487.727,BTC/EUR,57378.1,57388.2,0.11909688,0.0043,-1411.124,9.786,5316.820
2026-02-22T15:26:44.077356+00:00,1771774004077.323,2026-02-22T15:26:45.489625Z,1771774005489.625,BTC/EUR,57378.1,57388.1,0.11909688,0.02418094,-1412.302,8.609,5317.541
2026-02-22T15:26:44.078476+00:00,1771774004078.459,2026-02-22T15:26:45.490100Z,1771774005490.100,BTC/EUR,57378.1,57387.4,0.11909688,0.22194038,-1411.641,9.269,5318.676
2026-02-22T15:26:44.078504+00:00,1771774004078.497,2026-02-22T15:26:45.490573Z,1771774005490.573,BTC/EUR,57378.1,57387.4,0.32627477,0.22194038,-1412.076,8.834,5318.714
2026-02-22T15:26:44.078876+00:00,1771774004078.869,2026-02-22T15:26:45.491710Z,1771774005491.710,BTC/EUR,57378.1,57387.3,0.32627477,0.02418094,-1412.841,8.069,5319.086
2026-02-22T15:26:44.082995+00:00,1771774004082.978,2026-02-22T15:26:45.492104Z,1771774005492.104,BTC/EUR,57378.2,57387.3,0.11909668,0.02418094,-1409.126,11.784,5323.195
2026-02-22T15:26:44.083625+00:00,1771774004083.614,2026-02-22T15:26:45.495296Z,1771774005495.296,BTC/EUR,57378.2,57388.6,0.11909668,0.02418094,-1411.682,9.228,5323.831
2026-02-22T15:26:44.089032+00:00,1771774004089.017,2026-02-22T15:26:45.495296Z,1771774005495.296,BTC/EUR,57378.1,57388.6,0.20717789,0.02418094,-1406.279,14.631,5329.234
2026-02-22T15:26:44.089060+00:00,1771774004089.051,2026-02-22T15:26:45.501469Z,1771774005501.469,BTC/EUR,57378.1,57378.3,0.20717789,0.02418094,-1412.418,8.492,5329.268
2026-02-22T15:26:44.092249+00:00,1771774004092.234,2026-02-22T15:26:45.503032Z,1771774005503.032,BTC/EUR,57378.1,57378.2,0.20717789,0.02418094,-1410.798,10.112,5332.451
2026-02-22T15:26:44.110424+00:00,1771774004110.408,2026-02-22T15:26:45.521611Z,1771774005521.611,BTC/EUR,57378.1,57378.2,0.20717789,0.02336069,-1411.203,9.707,5350.625
2026-02-22T15:26:44.140919+00:00,1771774004140.882,2026-02-22T15:26:45.552466Z,1771774005552.466,BTC/EUR,57378.1,57378.2,0.32627477,0.02336069,-1411.584,9.326,5381.099
2026-02-22T15:26:44.140974+00:00,1771774004140.959,2026-02-22T15:26:45.552517Z,1771774005552.517,BTC/EUR,57378.1,57388.6,0.32627477,0.02418094,-1411.558,9.352,5381.177
2026-02-22T15:26:44.142929+00:00,1771774004142.913,2026-02-22T15:26:45.554482Z,1771774005554.482,BTC/EUR,57378.2,57388.6,0.11909668,0.02418094,-1411.569,9.341,5383.130
2026-02-22T15:26:44.143384+00:00,1771774004143.375,2026-02-22T15:26:45.555284Z,1771774005555.284,BTC/EUR,57378.2,57388.5,0.11909668,0.00116317,-1411.909,9.001,5383.592
2026-02-22T15:26:44.291627+00:00,1771774004291.593,2026-02-22T15:26:45.555284Z,1771774005555.284,BTC/EUR,57378.1,57388.5,0.20717789,0.00116317,-1263.691,157.219,5531.811
2026-02-22T15:26:44.291680+00:00,1771774004291.666,2026-02-22T15:26:45.701404Z,1771774005701.404,BTC/EUR,57378.1,57378.3,0.20717789,0.02418094,-1409.739,11.172,5531.883
2026-02-22T15:26:44.291710+00:00,1771774004291.700,2026-02-22T15:26:45.702902Z,1771774005702.902,BTC/EUR,57378.1,57378.2,0.20717789,0.02418094,-1411.202,9.708,5531.917
2026-02-22T15:26:44.373464+00:00,1771774004373.432,2026-02-22T15:26:45.784990Z,1771774005784.990,BTC/EUR,57378.1,57387.1,0.20717789,0.02534411,-1411.558,9.352,5613.649
2026-02-22T15:26:44.373517+00:00,1771774004373.503,2026-02-22T15:26:45.785231Z,1771774005785.231,BTC/EUR,57378.1,57387.1,0.32627477,0.02534411,-1411.729,9.182,5613.720
2026-02-22T15:26:44.373681+00:00,1771774004373.672,2026-02-22T15:26:45.786692Z,1771774005786.692,BTC/EUR,57378.2,57387.1,0.11909668,0.02534411,-1413.020,7.891,5613.890
2026-02-22T15:26:44.375471+00:00,1771774004375.460,2026-02-22T15:26:45.787283Z,1771774005787.283,BTC/EUR,57378.2,57387.0,0.11909668,0.02418094,-1411.823,9.087,5615.677
2026-02-22T15:26:44.378636+00:00,1771774004378.614,2026-02-22T15:26:45.789472Z,1771774005789.472,BTC/EUR,57378.2,57386.9,0.11909668,0.00116317,-1410.858,10.052,5618.831
2026-02-22T15:26:44.378675+00:00,1771774004378.664,2026-02-22T15:26:45.789514Z,1771774005789.514,BTC/EUR,57378.2,57386.9,0.11909668,0.02534411,-1410.850,10.060,5618.881
2026-02-22T15:26:44.380779+00:00,1771774004380.759,2026-02-22T15:26:45.791027Z,1771774005791.027,BTC/EUR,57378.2,57386.9,0.11909668,0.00116317,-1410.269,10.641,5620.976
2026-02-22T15:26:44.383140+00:00,1771774004383.107,2026-02-22T15:26:45.791027Z,1771774005791.027,BTC/EUR,57378.2,57387.9,0.11909668,0.02418094,-1407.920,12.990,5623.324
2026-02-22T15:26:44.383196+00:00,1771774004383.182,2026-02-22T15:26:45.793753Z,1771774005793.753,BTC/EUR,57378.2,57387.8,0.11909668,0.00116317,-1410.571,10.339,5623.399
2026-02-22T15:26:44.405744+00:00,1771774004405.727,2026-02-22T15:26:45.816160Z,1771774005816.160,BTC/EUR,57378.2,57378.3,0.11909668,0.02418094,-1410.433,10.477,5645.944
2026-02-22T15:26:44.405771+00:00,1771774004405.764,2026-02-22T15:26:45.816160Z,1771774005816.160,BTC/EUR,57378.1,57378.3,0.20717789,0.02418094,-1410.396,10.514,5645.981
2026-02-22T15:26:44.405788+00:00,1771774004405.781,2026-02-22T15:26:45.818046Z,1771774005818.046,BTC/EUR,57378.1,57378.2,0.20717789,0.02418094,-1412.265,8.645,5645.998
2026-02-22T15:26:44.499659+00:00,1771774004499.626,2026-02-22T15:26:45.818046Z,1771774005818.046,BTC/EUR,57375.7,57378.2,0.11910187,0.02418094,-1318.420,102.490,5739.844
2026-02-22T15:26:44.506504+00:00,1771774004506.492,2026-02-22T15:26:45.816284Z,1771774005816.284,BTC/EUR,57375.7,57387.8,0.11910187,0.00116317,-1309.792,111.118,5746.709
2026-02-22T15:26:44.506525+00:00,1771774004506.519,2026-02-22T15:26:45.911514Z,1771774005911.514,BTC/EUR,57374.2,57387.8,0.11910503,0.00116317,-1404.995,15.915,5746.737
2026-02-22T15:26:44.506539+00:00,1771774004506.535,2026-02-22T15:26:45.914275Z,1771774005914.275,BTC/EUR,57374.2,57385.0,0.11910503,0.22194997,-1407.740,13.170,5746.752
2026-02-22T15:26:44.514971+00:00,1771774004514.955,2026-02-22T15:26:45.916164Z,1771774005916.164,BTC/EUR,57374.2,57375.8,0.11910503,0.0239,-1401.209,19.701,5755.172
2026-02-22T15:26:44.514998+00:00,1771774004514.991,2026-02-22T15:26:45.917559Z,1771774005917.559,BTC/EUR,57374.2,57384.9,0.11910503,0.0239,-1402.568,18.342,5755.208
2026-02-22T15:26:44.515013+00:00,1771774004515.008,2026-02-22T15:26:45.919887Z,1771774005919.887,BTC/EUR,57374.2,57375.7,0.11910503,0.0239,-1404.879,16.031,5755.226
2026-02-22T15:26:44.515025+00:00,1771774004515.021,2026-02-22T15:26:45.919887Z,1771774005919.887,BTC/EUR,57374.1,57375.7,0.32558801,0.0239,-1404.866,16.044,5755.238
2026-02-22T15:26:44.515036+00:00,1771774004515.032,2026-02-22T15:26:45.921293Z,1771774005921.293,BTC/EUR,57374.1,57374.3,0.32558801,0.0239,-1406.261,14.649,5755.250
2026-02-22T15:26:44.515047+00:00,1771774004515.043,2026-02-22T15:26:45.923236Z,1771774005923.236,BTC/EUR,57374.1,57374.2,0.32558801,0.0239,-1408.193,12.717,5755.260
2026-02-22T15:26:44.555775+00:00,1771774004555.742,2026-02-22T15:26:45.954165Z,1771774005954.165,BTC/EUR,57374.1,57374.2,0.44469325,0.0239,-1398.423,22.487,5795.959
2026-02-22T15:26:44.555827+00:00,1771774004555.812,2026-02-22T15:26:45.954177Z,1771774005954.177,BTC/EUR,57374.1,57387.6,0.44469325,0.0239,-1398.365,22.546,5796.030
2026-02-22T15:26:44.555857+00:00,1771774004555.847,2026-02-22T15:26:45.955789Z,1771774005955.789,BTC/EUR,57374.1,57387.5,0.44469325,0.00116317,-1399.942,20.968,5796.064
2026-02-22T15:26:44.555883+00:00,1771774004555.874,2026-02-22T15:26:45.956606Z,1771774005956.606,BTC/EUR,57374.2,57387.5,0.11910503,0.00116317,-1400.732,20.178,5796.091
2026-02-22T15:26:44.555906+00:00,1771774004555.898,2026-02-22T15:26:45.958096Z,1771774005958.096,BTC/EUR,57374.2,57382.2,0.11910503,0.22196062,-1402.198,18.712,5796.115
2026-02-22T15:26:44.567418+00:00,1771774004567.385,2026-02-22T15:26:45.962200Z,1771774005962.200,BTC/EUR,57374.2,57382.1,0.11910503,0.0239,-1394.815,26.095,5807.602
2026-02-22T15:26:44.567470+00:00,1771774004567.456,2026-02-22T15:26:45.962200Z,1771774005962.200,BTC/EUR,57374.1,57382.1,0.32558801,0.0239,-1394.744,26.166,5807.673
2026-02-22T15:26:44.567500+00:00,1771774004567.490,2026-02-22T15:26:45.966608Z,1771774005966.608,BTC/EUR,57374.1,57374.3,0.32558801,0.0239,-1399.118,21.792,5807.708
2026-02-22T15:26:44.567525+00:00,1771774004567.516,2026-02-22T15:26:45.968246Z,1771774005968.246,BTC/EUR,57374.1,57374.2,0.32558801,0.0239,-1400.730,20.180,5807.734
2026-02-22T15:26:44.567548+00:00,1771774004567.540,2026-02-22T15:26:45.970030Z,1771774005970.030,BTC/EUR,57374.1,57374.2,0.44469325,0.0239,-1402.490,18.420,5807.757
2026-02-22T15:26:44.570397+00:00,1771774004570.378,2026-02-22T15:26:45.978726Z,1771774005978.726,BTC/EUR,57374.1,57374.2,0.11910524,0.0239,-1408.348,12.562,5810.595
2026-02-22T15:26:44.587116+00:00,1771774004587.090,2026-02-22T15:26:45.992074Z,1771774005992.074,BTC/EUR,57374.1,57383.8,0.11910524,0.0239,-1404.984,15.926,5827.308
2026-02-22T15:26:44.587158+00:00,1771774004587.146,2026-02-22T15:26:45.995158Z,1771774005995.158,BTC/EUR,57370.9,57383.8,0.11911188,0.0239,-1408.012,12.898,5827.363
2026-02-22T15:26:44.598612+00:00,1771774004598.579,2026-02-22T15:26:45.996371Z,1771774005996.371,BTC/EUR,57370.9,57383.7,0.11911188,0.73984897,-1397.792,23.118,5838.797
2026-02-22T15:26:44.598665+00:00,1771774004598.651,2026-02-22T15:26:45.999331Z,1771774005999.331,BTC/EUR,57370.9,57383.6,0.11911188,0.0239,-1400.680,20.230,5838.868
2026-02-22T15:26:44.598696+00:00,1771774004598.687,2026-02-22T15:26:46.001282Z,1771774006001.282,BTC/EUR,57370.8,57383.6,0.11911209,0.0239,-1402.595,18.315,5838.904
2026-02-22T15:26:44.598721+00:00,1771774004598.713,2026-02-22T15:26:46.002003Z,1771774006002.003,BTC/EUR,57374.3,57383.6,0.00212805,0.0239,-1403.290,17.620,5838.930
2026-02-22T15:26:44.607405+00:00,1771774004607.385,2026-02-22T15:26:46.005386Z,1771774006005.386,BTC/EUR,57374.3,57374.4,0.00212805,0.0239,-1398.001,22.909,5847.603
2026-02-22T15:26:44.657737+00:00,1771774004657.703,2026-02-22T15:26:46.038055Z,1771774006038.055,BTC/EUR,57374.0,57374.4,0.20719244,0.0239,-1380.352,40.558,5897.921
2026-02-22T15:26:44.657790+00:00,1771774004657.776,2026-02-22T15:26:46.053994Z,1771774006053.994,BTC/EUR,57374.0,57374.1,0.20719244,0.0239,-1396.218,24.692,5897.993
2026-02-22T15:26:48.539711+00:00,1771774008539.669,2026-02-22T15:26:49.943246Z,1771774009943.246,BTC/EUR,57374.0,57374.1,0.22199244,0.0239,-1403.576,17.334,9779.887
2026-02-22T15:26:48.558312+00:00,1771774008558.295,2026-02-22T15:26:49.948702Z,1771774009948.702,BTC/EUR,57374.0,57374.1,0.25167244,0.0239,-1390.407,30.503,9798.512
2026-02-22T15:26:48.558341+00:00,1771774008558.334,2026-02-22T15:26:49.951579Z,1771774009951.579,BTC/EUR,57374.0,57374.1,0.25637244,0.0239,-1393.245,27.665,9798.551
2026-02-22T15:26:48.558365+00:00,1771774008558.360,2026-02-22T15:26:49.953916Z,1771774009953.916,BTC/EUR,57374.0,57374.1,0.26047244,0.0239,-1395.556,25.354,9798.577
2026-02-22T15:26:48.558378+00:00,1771774008558.374,2026-02-22T15:26:49.953983Z,1771774009953.983,BTC/EUR,57374.0,57374.1,0.35414595,0.0239,-1395.609,25.301,9798.591
2026-02-22T15:26:48.575118+00:00,1771774008575.101,2026-02-22T15:26:49.964695Z,1771774009964.695,BTC/EUR,57374.0,57374.1,0.35844595,0.0239,-1389.594,31.316,9815.318
2026-02-22T15:26:48.575146+00:00,1771774008575.139,2026-02-22T15:26:49.969435Z,1771774009969.435,BTC/EUR,57374.0,57374.1,0.39330494,0.0239,-1394.296,26.614,9815.356
2026-02-22T15:26:48.598967+00:00,1771774008598.935,2026-02-22T15:26:49.977384Z,1771774009977.384,BTC/EUR,57374.0,57374.1,0.38920494,0.0239,-1378.449,42.461,9839.152
2026-02-22T15:26:48.599022+00:00,1771774008599.007,2026-02-22T15:26:49.980230Z,1771774009980.230,BTC/EUR,57374.0,57374.1,0.72222894,0.0239,-1381.223,39.687,9839.225
2026-02-22T15:26:48.599053+00:00,1771774008599.043,2026-02-22T15:26:49.981769Z,1771774009981.769,BTC/EUR,57374.0,57374.1,0.71752894,0.0239,-1382.726,38.184,9839.260
2026-02-22T15:26:48.599077+00:00,1771774008599.069,2026-02-22T15:26:49.988575Z,1771774009988.575,BTC/EUR,57374.0,57374.1,0.83663495,0.0239,-1389.506,31.404,9839.286
2026-02-22T15:26:48.619704+00:00,1771774008619.666,2026-02-22T15:26:49.999857Z,1771774009999.857,BTC/EUR,57374.0,57374.1,1.16965595,0.0239,-1380.191,40.719,9859.883
2026-02-22T15:26:48.643383+00:00,1771774008643.366,2026-02-22T15:26:50.019484Z,1771774010019.484,BTC/EUR,57374.0,57374.1,1.61368395,0.0239,-1376.118,44.792,9883.583
2026-02-22T15:26:48.643414+00:00,1771774008643.406,2026-02-22T15:26:50.020045Z,1771774010020.045,BTC/EUR,57374.0,57386.4,1.61368395,0.02389116,-1376.639,44.271,9883.623
2026-02-22T15:26:48.643430+00:00,1771774008643.425,2026-02-22T15:26:50.023306Z,1771774010023.306,BTC/EUR,57374.1,57386.4,0.09367351,0.02389116,-1379.881,41.029,9883.642
2026-02-22T15:26:48.676930+00:00,1771774008676.897,2026-02-22T15:26:50.023306Z,1771774010023.306,BTC/EUR,57374.1,57389.0,0.09367351,0.01133776,-1346.409,74.501,9917.114
2026-02-22T15:26:48.676985+00:00,1771774008676.970,2026-02-22T15:26:50.049912Z,1771774010049.912,BTC/EUR,57374.1,57389.0,0.21277931,0.01133776,-1372.941,47.969,9917.188
2026-02-22T15:26:48.677022+00:00,1771774008677.012,2026-02-22T15:26:50.050033Z,1771774010050.033,BTC/EUR,57379.7,57389.0,0.0148,0.01133776,-1373.021,47.889,9917.229
2026-02-22T15:26:48.709807+00:00,1771774008709.775,2026-02-22T15:26:50.077203Z,1771774010077.203,BTC/EUR,57388.9,57389.0,0.11907508,0.01133776,-1367.428,53.482,9949.992
2026-02-22T15:26:48.709861+00:00,1771774008709.847,2026-02-22T15:26:50.079643Z,1771774010079.643,BTC/EUR,57388.9,57389.0,0.13387508,0.01133776,-1369.796,51.114,9950.064
2026-02-22T15:26:48.709893+00:00,1771774008709.883,2026-02-22T15:26:50.085434Z,1771774010085.434,BTC/EUR,57388.9,57389.0,0.34101402,0.01133776,-1375.551,45.359,9950.100
2026-02-22T15:26:48.731782+00:00,1771774008731.748,2026-02-22T15:26:50.123170Z,1771774010123.170,BTC/EUR,57388.9,57389.0,0.34431402,0.01133776,-1391.422,29.488,9971.966
2026-02-22T15:26:48.731836+00:00,1771774008731.822,2026-02-22T15:26:50.126005Z,1771774010126.005,BTC/EUR,57388.9,57389.0,0.34420402,0.01133776,-1394.183,26.727,9972.039
2026-02-22T15:26:48.871756+00:00,1771774008871.723,2026-02-22T15:26:50.277955Z,1771774010277.955,BTC/EUR,57388.9,57389.0,0.32940402,0.01133776,-1406.232,14.678,10111.940
2026-02-22T15:26:48.879355+00:00,1771774008879.321,2026-02-22T15:26:50.285747Z,1771774010285.747,BTC/EUR,57388.9,57389.0,0.32610402,0.01133776,-1406.426,14.484,10119.539
2026-02-22T15:26:48.885345+00:00,1771774008885.329,2026-02-22T15:26:50.290840Z,1771774010290.840,BTC/EUR,57388.9,57389.0,0.33000402,0.01133776,-1405.511,15.399,10125.546
2026-02-22T15:26:48.885366+00:00,1771774008885.360,2026-02-22T15:26:50.292836Z,1771774010292.836,BTC/EUR,57388.9,57389.0,0.32610402,0.01133776,-1407.476,13.434,10125.578
2026-02-22T15:26:48.892585+00:00,1771774008892.562,2026-02-22T15:26:50.301574Z,1771774010301.574,BTC/EUR,57388.9,57389.0,0.32990402,0.01133776,-1409.012,11.898,10132.780
2026-02-22T15:26:48.898486+00:00,1771774008898.465,2026-02-22T15:26:50.302841Z,1771774010302.841,BTC/EUR,57388.9,57389.0,0.32610402,0.01133776,-1404.376,16.534,10138.683
2026-02-22T15:26:49.186075+00:00,1771774009186.055,2026-02-22T15:26:50.585498Z,1771774010585.498,BTC/EUR,57388.9,57389.0,0.32610402,0.02613776,-1399.443,21.467,10426.273
2026-02-22T15:26:49.186359+00:00,1771774009186.322,2026-02-22T15:26:50.586433Z,1771774010586.433,BTC/EUR,57388.9,57389.0,0.32610402,0.01133776,-1400.111,20.799,10426.539
2026-02-22T15:26:49.186412+00:00,1771774009186.396,2026-02-22T15:26:50.587549Z,1771774010587.549,BTC/EUR,57388.9,57389.0,0.32610402,0.0352234,-1401.153,19.757,10426.614
2026-02-22T15:26:49.186441+00:00,1771774009186.431,2026-02-22T15:26:50.587787Z,1771774010587.787,BTC/EUR,57388.9,57389.0,0.32610402,0.0500234,-1401.356,19.554,10426.648
2026-02-22T15:26:49.186464+00:00,1771774009186.456,2026-02-22T15:26:50.587837Z,1771774010587.837,BTC/EUR,57388.9,57389.0,0.20713894,0.0500234,-1401.381,19.529,10426.674
2026-02-22T15:26:49.189909+00:00,1771774009189.876,2026-02-22T15:26:50.590694Z,1771774010590.694,BTC/EUR,57388.9,57389.0,0.20713894,0.0352234,-1400.817,20.093,10430.094
2026-02-22T15:26:49.189963+00:00,1771774009189.949,2026-02-22T15:26:50.594308Z,1771774010594.308,BTC/EUR,57388.9,57389.0,0.32621403,0.0352234,-1404.359,16.551,10430.166
2026-02-22T15:26:49.199877+00:00,1771774009199.849,2026-02-22T15:26:50.594692Z,1771774010594.692,BTC/EUR,57388.9,57389.0,0.32621403,0.01133776,-1394.843,26.067,10440.066
2026-02-22T15:26:49.199927+00:00,1771774009199.914,2026-02-22T15:26:50.595420Z,1771774010595.420,BTC/EUR,57388.9,57389.0,0.11907509,0.01133776,-1395.506,25.404,10440.131
2026-02-22T15:26:49.199956+00:00,1771774009199.947,2026-02-22T15:26:50.597803Z,1771774010597.803,BTC/EUR,57388.9,57389.0,0.11907509,0.02613776,-1397.857,23.053,10440.164
2026-02-22T15:26:49.199980+00:00,1771774009199.972,2026-02-22T15:26:50.599284Z,1771774010599.284,BTC/EUR,57388.9,57389.0,0.11907509,0.01133776,-1399.312,21.598,10440.189
2026-02-22T15:26:49.211288+00:00,1771774009211.257,2026-02-22T15:26:50.604291Z,1771774010604.291,BTC/EUR,57385.6,57389.0,0.20715081,0.01133776,-1393.034,27.876,10451.474
2026-02-22T15:26:49.211340+00:00,1771774009211.326,2026-02-22T15:26:50.607963Z,1771774010607.963,BTC/EUR,57385.6,57389.0,0.20715081,0.0352234,-1396.637,24.273,10451.543
2026-02-22T15:26:49.211370+00:00,1771774009211.360,2026-02-22T15:26:50.610910Z,1771774010610.910,BTC/EUR,57385.6,57385.7,0.20715081,0.02388564,-1399.550,21.360,10451.578
2026-02-22T15:26:49.231931+00:00,1771774009231.899,2026-02-22T15:26:50.614177Z,1771774010614.177,BTC/EUR,57385.6,57385.7,0.20715081,0.04388564,-1382.278,38.632,10472.116
2026-02-22T15:26:49.231985+00:00,1771774009231.970,2026-02-22T15:26:50.614177Z,1771774010614.177,BTC/EUR,57382.7,57385.7,0.11908795,0.04388564,-1382.207,38.703,10472.188
2026-02-22T15:26:49.232015+00:00,1771774009232.005,2026-02-22T15:26:50.620850Z,1771774010620.850,BTC/EUR,57384.1,57385.7,0.0041,0.04388564,-1388.845,32.065,10472.222
2026-02-22T15:26:49.232040+00:00,1771774009232.031,2026-02-22T15:26:50.622954Z,1771774010622.954,BTC/EUR,57384.1,57385.6,0.0041,0.02388564,-1390.922,29.988,10472.249
2026-02-22T15:26:49.232063+00:00,1771774009232.055,2026-02-22T15:26:50.625542Z,1771774010625.542,BTC/EUR,57384.2,57385.6,0.0046,0.02388564,-1393.487,27.423,10472.272
2026-02-22T15:26:49.232074+00:00,1771774009232.071,2026-02-22T15:26:50.626715Z,1771774010626.715,BTC/EUR,57384.2,57385.6,0.0046,0.04388564,-1394.644,26.266,10472.288
2026-02-22T15:26:49.242467+00:00,1771774009242.430,2026-02-22T15:26:50.632194Z,1771774010632.194,BTC/EUR,57384.2,57384.3,0.0046,0.02388564,-1389.764,31.146,10482.647
2026-02-22T15:26:49.242521+00:00,1771774009242.507,2026-02-22T15:26:50.632194Z,1771774010632.194,BTC/EUR,57382.7,57384.3,0.11908795,0.02388564,-1389.687,31.223,10482.724
2026-02-22T15:26:49.242552+00:00,1771774009242.542,2026-02-22T15:26:50.635656Z,1771774010635.656,BTC/EUR,57382.7,57385.5,0.11908795,0.02389111,-1393.114,27.797,10482.760
2026-02-22T15:26:49.242578+00:00,1771774009242.570,2026-02-22T15:26:50.637629Z,1771774010637.629,BTC/EUR,57384.2,57385.5,0.11908484,0.02389111,-1395.059,25.851,10482.787
2026-02-22T15:26:49.242601+00:00,1771774009242.593,2026-02-22T15:26:50.637629Z,1771774010637.629,BTC/EUR,57384.2,57385.6,0.11908484,0.02,-1395.036,25.874,10482.810
2026-02-22T15:26:49.242625+00:00,1771774009242.617,2026-02-22T15:26:50.638590Z,1771774010638.590,BTC/EUR,57384.2,57385.5,0.11908484,0.02,-1395.973,24.937,10482.835
2026-02-22T15:26:49.242648+00:00,1771774009242.640,2026-02-22T15:26:50.639849Z,1771774010639.849,BTC/EUR,57385.4,57385.5,0.11908235,0.02,-1397.209,23.701,10482.857
2026-02-22T15:26:49.242669+00:00,1771774009242.661,2026-02-22T15:26:50.638590Z,1771774010638.590,BTC/EUR,57382.6,57385.5,0.34853771,0.02,-1395.929,24.981,10482.879
2026-02-22T15:26:49.242690+00:00,1771774009242.682,2026-02-22T15:26:50.642238Z,1771774010642.238,BTC/EUR,57382.6,57385.5,0.34853771,0.04389111,-1399.555,21.355,10482.900
2026-02-22T15:26:49.242711+00:00,1771774009242.704,2026-02-22T15:26:50.644256Z,1771774010644.256,BTC/EUR,57382.6,57382.7,0.34853771,0.02389111,-1401.552,19.358,10482.921
2026-02-22T15:26:49.260763+00:00,1771774009260.733,2026-02-22T15:26:50.644256Z,1771774010644.256,BTC/EUR,57379.8,57382.7,0.0013078,0.02389111,-1383.523,37.387,10500.950
2026-02-22T15:26:49.260812+00:00,1771774009260.800,2026-02-22T15:26:50.671332Z,1771774010671.332,BTC/EUR,57382.6,57382.7,0.11908816,0.02389111,-1410.532,10.378,10501.017
2026-02-22T15:26:49.260840+00:00,1771774009260.831,2026-02-22T15:26:50.671513Z,1771774010671.513,BTC/EUR,57382.6,57385.4,0.11908816,0.02389111,-1410.682,10.228,10501.048
2026-02-22T15:26:49.267394+00:00,1771774009267.361,2026-02-22T15:26:50.671513Z,1771774010671.513,BTC/EUR,57379.8,57385.4,0.0013078,0.02389111,-1404.152,16.758,10507.578
2026-02-22T15:26:49.267447+00:00,1771774009267.434,2026-02-22T15:26:50.675756Z,1771774010675.756,BTC/EUR,57379.9,57385.4,0.0148,0.02389111,-1408.322,12.588,10507.651
2026-02-22T15:26:49.270511+00:00,1771774009270.497,2026-02-22T15:26:50.671513Z,1771774010671.513,BTC/EUR,57379.8,57385.4,0.0013078,0.02389111,-1401.017,19.893,10510.714
2026-02-22T15:26:49.270541+00:00,1771774009270.532,2026-02-22T15:26:50.678650Z,1771774010678.650,BTC/EUR,57379.9,57385.4,0.0148,0.02389111,-1408.118,12.792,10510.749
2026-02-22T15:26:49.270571+00:00,1771774009270.562,2026-02-22T15:26:50.671513Z,1771774010671.513,BTC/EUR,57379.8,57385.4,0.0013078,0.02389111,-1400.951,19.959,10510.780
2026-02-22T15:26:49.272628+00:00,1771774009272.616,2026-02-22T15:26:50.681961Z,1771774010681.961,BTC/EUR,57379.8,57385.4,0.0161078,0.02389111,-1409.344,11.566,10512.834
2026-02-22T15:26:49.272655+00:00,1771774009272.647,2026-02-22T15:26:50.683026Z,1771774010683.026,BTC/EUR,57380.2,57385.4,0.0148,0.02389111,-1410.379,10.531,10512.864
2026-02-22T15:26:49.274427+00:00,1771774009274.417,2026-02-22T15:26:50.681961Z,1771774010681.961,BTC/EUR,57379.8,57385.4,0.0161078,0.02389111,-1407.543,13.367,10514.635
2026-02-22T15:26:49.274446+00:00,1771774009274.438,2026-02-22T15:26:50.685787Z,1771774010685.787,BTC/EUR,57380.4,57385.4,0.0148,0.02389111,-1411.348,9.562,10514.656
2026-02-22T15:26:49.284890+00:00,1771774009284.874,2026-02-22T15:26:50.681961Z,1771774010681.961,BTC/EUR,57379.8,57385.4,0.0161078,0.02389111,-1397.087,23.823,10525.091
2026-02-22T15:26:49.284917+00:00,1771774009284.910,2026-02-22T15:26:50.688056Z,1771774010688.056,BTC/EUR,57380.1,57385.4,0.0148,0.02389111,-1403.146,17.765,10525.128
2026-02-22T15:26:49.299490+00:00,1771774009299.457,2026-02-22T15:26:50.708099Z,1771774010708.099,BTC/EUR,57380.2,57385.4,0.20717034,0.02389111,-1408.642,12.268,10539.674
2026-02-22T15:26:49.307559+00:00,1771774009307.536,2026-02-22T15:26:50.710001Z,1771774010710.001,BTC/EUR,57380.3,57385.4,0.0148,0.02389111,-1402.465,18.445,10547.754
2026-02-22T15:26:49.373455+00:00,1771774009373.439,2026-02-22T15:26:50.762754Z,1771774010762.754,BTC/EUR,57380.4,57385.4,0.0013078,0.02389111,-1389.315,31.595,10613.656
2026-02-22T15:26:49.373482+00:00,1771774009373.475,2026-02-22T15:26:50.768086Z,1771774010768.086,BTC/EUR,57380.4,57385.4,0.0161078,0.02389111,-1394.611,26.299,10613.692
2026-02-22T15:26:49.373498+00:00,1771774009373.493,2026-02-22T15:26:50.769440Z,1771774010769.440,BTC/EUR,57380.5,57385.4,0.0148,0.02389111,-1395.947,24.964,10613.711
2026-02-22T15:26:49.373511+00:00,1771774009373.507,2026-02-22T15:26:50.768086Z,1771774010768.086,BTC/EUR,57380.4,57385.4,0.0161078,0.02389111,-1394.579,26.331,10613.724
2026-02-22T15:26:49.373522+00:00,1771774009373.518,2026-02-22T15:26:50.770296Z,1771774010770.296,BTC/EUR,57380.4,57385.4,0.0013078,0.02389111,-1396.778,24.132,10613.735
2026-02-22T15:26:49.373533+00:00,1771774009373.529,2026-02-22T15:26:50.771364Z,1771774010771.364,BTC/EUR,57380.6,57385.4,0.2071689,0.02389111,-1397.835,23.075,10613.746
2026-02-22T15:26:49.402001+00:00,1771774009401.968,2026-02-22T15:26:50.812078Z,1771774010812.078,BTC/EUR,57380.9,57385.4,0.0148,0.02389111,-1410.110,10.800,10642.185
2026-02-22T15:26:49.402053+00:00,1771774009402.039,2026-02-22T15:26:50.771364Z,1771774010771.364,BTC/EUR,57380.6,57385.4,0.2071689,0.02389111,-1369.325,51.585,10642.256
2026-02-22T15:26:49.403712+00:00,1771774009403.679,2026-02-22T15:26:50.770296Z,1771774010770.296,BTC/EUR,57380.4,57385.4,0.0013078,0.02389111,-1366.617,54.293,10643.897
2026-02-22T15:26:49.733506+00:00,1771774009733.470,2026-02-22T15:26:51.145888Z,1771774011145.888,BTC/EUR,57380.4,57385.4,0.0013078,0.03869111,-1412.418,8.492,10973.688
2026-02-22T15:26:49.737985+00:00,1771774009737.958,2026-02-22T15:26:51.147969Z,1771774011147.969,BTC/EUR,57380.4,57385.3,0.0013078,0.02389111,-1410.010,10.900,10978.176
2026-02-22T15:26:49.756293+00:00,1771774009756.260,2026-02-22T15:26:51.149521Z,1771774011149.521,BTC/EUR,57380.4,57385.3,0.0013078,0.03869111,-1393.261,27.649,10996.477
2026-02-22T15:26:49.756346+00:00,1771774009756.332,2026-02-22T15:26:51.149862Z,1771774011149.862,BTC/EUR,57380.4,57385.3,0.0013078,0.05869111,-1393.530,27.380,10996.549
2026-02-22T15:26:49.756376+00:00,1771774009756.367,2026-02-22T15:26:51.151237Z,1771774011151.237,BTC/EUR,57380.4,57385.2,0.0013078,0.02389111,-1394.870,26.040,10996.584
2026-02-22T15:26:49.756402+00:00,1771774009756.394,2026-02-22T15:26:51.152305Z,1771774011152.305,BTC/EUR,57380.4,57385.2,0.0013078,0.03869111,-1395.911,24.999,10996.611
2026-02-22T15:26:49.756424+00:00,1771774009756.416,2026-02-22T15:26:51.152737Z,1771774011152.737,BTC/EUR,57380.4,57385.2,0.0013078,0.05869111,-1396.321,24.589,10996.633
2026-02-22T15:26:49.756447+00:00,1771774009756.438,2026-02-22T15:26:51.154084Z,1771774011154.084,BTC/EUR,57380.4,57385.1,0.0013078,0.02389111,-1397.646,23.264,10996.655
2026-02-22T15:26:49.756468+00:00,1771774009756.460,2026-02-22T15:26:51.155304Z,1771774011155.304,BTC/EUR,57380.4,57385.1,0.0013078,0.03869111,-1398.844,22.067,10996.678
2026-02-22T15:26:49.756489+00:00,1771774009756.482,2026-02-22T15:26:51.156960Z,1771774011156.960,BTC/EUR,57380.4,57385.0,0.0013078,0.02389111,-1400.478,20.432,10996.699
2026-02-22T15:26:49.756511+00:00,1771774009756.503,2026-02-22T15:26:51.159721Z,1771774011159.721,BTC/EUR,57380.4,57384.9,0.0013078,0.02389111,-1403.218,17.693,10996.721
2026-02-22T15:26:49.756532+00:00,1771774009756.524,2026-02-22T15:26:51.161126Z,1771774011161.126,BTC/EUR,57380.4,57385.0,0.0013078,0.03869111,-1404.602,16.308,10996.741
2026-02-22T15:26:49.756552+00:00,1771774009756.545,2026-02-22T15:26:51.162464Z,1771774011162.464,BTC/EUR,57380.4,57384.9,0.0013078,0.02389111,-1405.919,14.991,10996.762
2026-02-22T15:26:49.756572+00:00,1771774009756.565,2026-02-22T15:26:51.164456Z,1771774011164.456,BTC/EUR,57380.4,57384.9,0.0013078,0.03869111,-1407.891,13.019,10996.782
2026-02-22T15:26:49.756592+00:00,1771774009756.585,2026-02-22T15:26:51.164762Z,1771774011164.762,BTC/EUR,57380.4,57380.5,0.0013078,0.02389111,-1408.177,12.733,10996.802
2026-02-22T15:26:49.757799+00:00,1771774009757.778,2026-02-22T15:26:51.167565Z,1771774011167.565,BTC/EUR,57380.4,57380.5,0.32686005,0.02389111,-1409.788,11.122,10997.995
2026-02-22T15:26:49.785632+00:00,1771774009785.599,2026-02-22T15:26:51.197759Z,1771774011197.759,BTC/EUR,57380.4,57380.5,0.32555225,0.02389111,-1412.160,8.750,11025.816
2026-02-22T15:26:50.102392+00:00,1771774010102.357,2026-02-22T15:26:51.167796Z,1771774011167.796,BTC/EUR,57380.3,57380.5,0.20716989,0.02389111,-1065.439,355.471,11342.574
2026-02-22T15:26:50.103853+00:00,1771774010103.828,2026-02-22T15:26:51.516451Z,1771774011516.451,BTC/EUR,57380.3,57380.4,0.20716989,0.02389197,-1412.623,8.287,11344.046
2026-02-22T15:26:54.422081+00:00,1771774014422.040,2026-02-22T15:26:55.320331Z,1771774015320.331,BTC/EUR,57374.6,57380.4,0.11910488,0.02389197,-898.292,522.619,15662.257
2026-02-22T15:26:54.430840+00:00,1771774014430.808,2026-02-22T15:26:55.835312Z,1771774015835.312,BTC/EUR,57374.6,57386.6,0.11910488,0.02391671,-1404.504,16.406,15671.025
2026-02-22T15:26:54.430894+00:00,1771774014430.880,2026-02-22T15:26:55.835367Z,1771774015835.367,BTC/EUR,57374.6,57380.4,0.11910488,0.0148,-1404.487,16.423,15671.097
2026-02-22T15:26:54.430924+00:00,1771774014430.915,2026-02-22T15:26:55.836976Z,1771774015836.976,BTC/EUR,57374.6,57380.4,0.12330488,0.0148,-1406.062,14.849,15671.132
2026-02-22T15:26:54.430949+00:00,1771774014430.941,2026-02-22T15:26:55.837493Z,1771774015837.493,BTC/EUR,57374.6,57380.3,0.12330488,0.02391671,-1406.552,14.358,15671.158
2026-02-22T15:26:54.430973+00:00,1771774014430.965,2026-02-22T15:26:55.838245Z,1771774015838.245,BTC/EUR,57374.9,57380.3,0.0045,0.02391671,-1407.280,13.630,15671.182
2026-02-22T15:26:54.430996+00:00,1771774014430.988,2026-02-22T15:26:55.838366Z,1771774015838.366,BTC/EUR,57376.3,57380.3,0.0045,0.02391671,-1407.378,13.532,15671.205
2026-02-22T15:26:54.431018+00:00,1771774014431.010,2026-02-22T15:26:55.838436Z,1771774015838.436,BTC/EUR,57376.4,57380.3,0.0042,0.02391671,-1407.426,13.484,15671.227
2026-02-22T15:26:54.431039+00:00,1771774014431.031,2026-02-22T15:26:55.838477Z,1771774015838.477,BTC/EUR,57376.4,57380.3,0.0084,0.02391671,-1407.446,13.464,15671.249
2026-02-22T15:26:54.439378+00:00,1771774014439.361,2026-02-22T15:26:55.839463Z,1771774015839.463,BTC/EUR,57376.4,57380.3,0.0084,0.03871671,-1400.102,20.808,15679.578
2026-02-22T15:26:54.439405+00:00,1771774014439.398,2026-02-22T15:26:55.840568Z,1771774015840.568,BTC/EUR,57376.4,57376.5,0.0084,0.02391671,-1401.170,19.740,15679.615
2026-02-22T15:26:54.448118+00:00,1771774014448.086,2026-02-22T15:26:55.858418Z,1771774015858.418,BTC/EUR,57376.4,57376.5,0.0042,0.02391671,-1410.332,10.578,15688.303
2026-02-22T15:26:54.448177+00:00,1771774014448.163,2026-02-22T15:26:55.840568Z,1771774015840.568,BTC/EUR,57376.0,57376.5,0.0045,0.02391671,-1392.405,28.505,15688.380
2026-02-22T15:26:54.448209+00:00,1771774014448.199,2026-02-22T15:26:55.858407Z,1771774015858.407,BTC/EUR,57375.6,57376.5,0.0044,0.02391671,-1410.208,10.703,15688.417
2026-02-22T15:26:54.456252+00:00,1771774014456.219,2026-02-22T15:26:55.844287Z,1771774015844.287,BTC/EUR,57374.7,57376.5,0.32558461,0.02391671,-1388.068,32.842,15696.436
2026-02-22T15:26:54.456305+00:00,1771774014456.291,2026-02-22T15:26:55.860717Z,1771774015860.717,BTC/EUR,57374.7,57376.1,0.32558461,0.02391671,-1404.426,16.484,15696.509
2026-02-22T15:26:54.456335+00:00,1771774014456.326,2026-02-22T15:26:55.862118Z,1771774015862.118,BTC/EUR,57374.7,57374.8,0.32558461,0.02391671,-1405.792,15.118,15696.543
2026-02-22T15:26:54.456360+00:00,1771774014456.351,2026-02-22T15:26:55.862118Z,1771774015862.118,BTC/EUR,57374.5,57374.8,0.3255852,0.02391671,-1405.767,15.143,15696.568
